2776 5124
163 431 217 491 90.
480 415 531 480 Dr
551 415 709 483 Jouunuu
729 413 890 505 Brenno,

161 610 241 679 „nes
271 607 345 651 eum
373 580 528 648 hebraicis
558 581 687 648 confero
716 579 963 669 exemplaribus,
1000 599 1080 667 quae
1108 598 1211 666 prope

162 715 350 787 „nunquam
377 712 416 756 ex
439 690 586 756 manibus
611 705 815 779 seponuntur.
857 691 915 756 Est
936 709 1064 754 mecum
1084 687 1211 751 adoles-

163 826 258 894 „cens
278 806 363 890 paris
384 799 479 865 studii
498 821 536 863 ac
556 800 678 866 ardorIs
692 801 733 865 ad
745 803 873 888 quasvis
884 799 1018 882 litteras,
1039 796 1210 861 J0.Bren-

162 919 260 1002 ‚,tius‚
289 915 336 975 tui
355 912 495 974 nominis
516 909 773 992 studiosissimum
797 930 947 996 paramus
967 905 1156 974 nuuuxt'dsov
1176 910 1211 969 iu

83 1017 88 1023 ⁴
161 1040 336 1110 „germana
362 1015 431 1084 divi
457 1016 656 1105 Hieronymi
683 1013 813 1106 opera.“
862 1015 1009 1102 Cumque
1034 1014 1212 1083 Oecolarn-

162 1129 274 1218 padius
293 1127 394 1195 Anno
420 1129 504 1195 1522,
521 1145 594 1190 casu
614 1130 751 1193 venisset
770 1125 1037 1214 Heidelbergam‚
1068 1137 1102 1189 ee
1121 1126 1212 1190 invi·

135 1276 137 1281 s
163 1250 282 1303 caretur
310 1256 329 1298 a
354 1232 500 1296 facultate
520 1232 651 1297 Artium
676 1234 718 1298 ad
741 1233 921 1299 docendum
943 1233 1073 1318 publice
1093 1233 1214 1325 litteras

164 1364 307 1433 graems,
334 1343 528 1404 internuntio
549 1340 627 1404 haec
646 1363 703 1406 usa
724 1356 770 1406 est
788 1342 919 1407 Brentio
940 1342 1073 1427 tulitque
1093 1339 1211 1404 abillo

162 1456 225 1521 hoc
251 1475 454 1543 responsum:
488 1476 521 1517 se
549 1453 591 1517 oh
616 1456 741 1540 negotia
766 1451 888 1516 abitum
914 1472 1043 1538 parare;
1075 1452 1210 1516 sivero

153 1540 260 1652 ipsius
280 1565 621 1650 operamuniversitas
641 1575 695 1629 aut
709 1561 837 1624 facultas
852 1572 1009 1647 posceret,
1028 1581 1089 1647 per
1101 1555 1211 1620 Bren-

162 1675 243 1738 tium
265 1695 358 1736 suurn
378 1691 413 1735 se
427 1670 653 1756 indicaturum,
675 1668 806 1736 ubinam
819 1670 966 1734 locorrun
977 1671 1118 1736 inveniri
1130 1687 1212 1754 pos-

161 1785 201 1846 sit
224 1779 269 1866 ⁸).

245 1887 411 1974 Brentius,
439 1885 658 1974 baccalaureus
684 1889 798 1978 factus,
828 1910 895 1955 non
917 1899 953 1952 ut
973 1888 1143 1975 vulgatum
1163 1905 1212 1954 est

161 2018 246 2063 anno
278 2002 373 2083 1514,
409 1996 465 2060 sed
490 2001 574 2081 1516
598 2010 640 2064 22
662 1998 760 2082 Maji,
797 2010 868 2061 tum
894 1996 1211 2084 Magisniadiguita-

160 2118 227 2172 tem
245 2116 437 2186 'consecutus
469 2111 550 2171 1518
579 2107 630 2170 die
648 2107 755 2171 Lucae
780 2105 849 2190 (18.
865 2105 970 2193 Oct),
1007 2109 1113 2191 primo
1137 2106 1213 2172 loco

160 2215 295 2299 positus,
313 2216 449 2298 insignia
466 2213 612 2299 Magistri
624 2215 768 2279 tradente
784 2213 960 2277 Theobald.
996 2214 1153 2278 Billicano
1165 2212 1213 2301 ⁹),

160 2323 308 2406 proximo
330 2340 416 2382 anno
441 2324 534 2382 1519.
555 2331 608 2383 20.
620 2321 690 2385 Jul.
709 2323 788 2385 alter
803 2322 999 2407 Regentium
1019 2342 1075 2386 seu
1088 2322 1212 2385 Recto-

164 2450 239 2493 rum
258 2433 292 2490 iu
309 2426 411 2509 Bursa
428 2425 579 2489 Realium
597 2450 652 2492 seu
669 2427 851 2496 Suevorum
873 2434 1057 2492 constitutus
1078 2441 1125 2494 est
1146 2431 1211 2511 ¹⁰),

163 2539 271 2597 aetatis
292 2555 414 2597 aunum
434 2555 520 2597 nunc
543 2539 701 2620 ingressus
720 2522 909 2600 vicesimum
927 2543 1080 2622 primum.
1113 2538 1211 2623 (Tres

163 2664 243 2710 vero
264 2641 384 2707 Bursae
410 2663 465 2705 seu
487 2645 547 2705 tria
567 2643 774 2733 contubernia
794 2659 883 2709 erant
903 2646 1134 2734 Heidelbergae
1154 2669 1211 2710 us-

164 2772 227 2835 que
247 2752 289 2813 ad
315 2773 435 2832 annum
461 2732 558 2831 1546)
582 2733 646 2834 11).
687 2752 889 2816 Lectionibus
909 2776 997 2817 nuno
1014 2752 1155 2837 privetis
1175 2759 1211 2819 in

160 2858 265 2922 Bursa
291 2856 446 2922 habendis
474 2881 550 2921 eum
577 2859 669 2927 brevi
693 2859 778 2925 haud
802 2862 996 2926 mediocrem
1021 2861 1081 2927 sibi
1101 2868 1211 2927 existi-

160 2971 337 3031 mationem
361 2987 487 3052 parasse
507 2987 582 3031 oum
602 2969 730 3033 aliunde
750 2984 885 3057 constat,
913 2984 984 3034 tum
1004 2993 1044 3033 ex
1064 2992 1103 3033 eo
1125 2993 1210 3056 quo-

161 3097 223 3160 que
243 3074 445 3162 intelllgitur,
476 3075 562 3161 quod
584 3082 700 3140 artium
720 3077 865 3165 facultas,
887 3101 960 3142 cum
986 3085 1065 3144 1520
1088 3078 1209 3142 delibe-

164 3193 249 3248 raret
269 3181 309 3247 de
330 3170 536 3249 emendandis
556 3184 665 3249 studiis
685 3184 908 3273 philosophicis
924 3200 955 3252 et
968 3184 1208 3277 Quinqueviros

193 3435 225 3500 8)
248 3431 388 3502 (Wundt)
421 3434 523 3506 Progr.
556 3433 786 3491 Memorabilium
821 3432 936 3488 Ordinis
964 3434 1206 3509 Philosophorum

230 3524 414 3599 Heidelberg.
435 3537 544 3596 partem
564 3527 602 3580 ll.
620 3529 763 3608 exhibens.
788 3532 862 3594 1783.
881 3546 910 3597 p.
924 3535 947 3587 5.

195 3645 225 3711 9)
255 3643 296 3696 Ex
324 3642 402 3698 Actis
430 3642 733 3719 Heidelbergensibus,
764 3656 837 3700 teste
866 3645 1013 3702 h'riderico
1037 3648 1151 3702 Vl'illten
1178 3649 1204 3702 iu

229 3735 342 3793 litteris.

197 3858 243 3921 to)
260 3855 362 3927 Progr.
379 3856 506 3929 proxime
525 3859 601 3912 eltati
623 3876 688 3931 pag.
705 3874 719 3916 2
736 3859 784 3913 inf.
811 3862 967 3933 Beyschlag
987 3861 1015 3916 S.
1029 3866 1088 3919 526.

198 3975 241 4039 tt)
258 3970 336 4027 Loco
355 3972 455 4028 eodem
473 3992 535 4046 pag.
555 3988 595 4041 ι’
622 3976 715 4047 Alting
732 3976 851 4031 historia
869 4013 902 4024 -
921 3995 949 4048 p.
968 3982 1024 4036 158.
1045 3995 1106 4046 sup.
1207 4025 1210 4032 ,
