2776 5124
261 1103 329 1198 Qui
349 1116 422 1172 ante
440 1105 502 1179 hos¹
519 1108 670 1176 ducentos
690 1129 808 1199 annos,
833 1109 949 1174 saectdi
969 1109 1084 1175 decimi
1098 1113 1225 1199 septimi

172 1233 261 1277 anno
282 1226 391 1304 sexto,
418 1216 480 1281 hoc
499 1220 569 1305 ipso
590 1221 625 1283 in
644 1219 734 1306 loco,
760 1221 843 1282 iutra
862 1217 957 1283 hosce
974 1224 1125 1306 parietes,
1152 1219 1225 1283 De·-

171 1343 271 1387 canus
287 1323 420 1390 Ordinis
432 1325 701 1414 Philosophorum
717 1325 886 1414 Magistros
901 1332 1111 1415 renuntiavit,
1132 1327 1225 1391 brevi

169 1443 245 1514 post
273 1435 341 1507 pita
368 1431 547 1522 defunctus,
580 1436 631 1499 M.
660 1436 817 1520 Georgius
843 1431 1107 1512 Burclshurdtus‚
1143 1435 1225 1498 mihi

172 1537 304 1624 quIdem
329 1540 404 1604 iude
429 1563 448 1604 a
468 1543 576 1608 multis
601 1545 691 1607 annis
711 1564 837 1628 semper
861 1546 947 1609 visus
968 1556 1014 1606 est
1035 1542 1221 1632 perdignus,

170 1648 260 1732 cujus
290 1652 449 1712 memoria
475 1653 556 1715 inter
582 1673 642 1716 nos
668 1650 830 1716 coleretur.
876 1648 1010 1712 Etiamsi
1034 1646 1090 1712 ille
1115 1649 1222 1737 scrip-

170 1756 213 1817 tis
239 1754 328 1820 editis
352 1756 473 1820 famam
491 1763 632 1848 nominis
652 1780 712 1823 nec
734 1770 889 1822 assecutus
912 1769 1038 1821 estnec
1058 1771 1222 1821 consecta-

168 1873 219 1926 tus
226 1911 236 1948 ,
258 1876 290 1926 et
308 1886 350 1928 ne
369 1864 477 1928 locum
498 1866 629 1952 quidem
648 1871 683 1931 in
703 1866 787 1935 edita
807 1863 941 1928 Scholae
960 1877 1086 1953 nostrae
1105 1866 1221 1930 Histo-

168 1974 217 2032 ria
248 1985 294 2035 est
319 1985 444 2058 nactus,
475 1985 584 2038 tamen
606 1974 787 2062 exemplum
808 1972 937 2059 praebet
956 1978 1070 2060 postris
1089 1978 1220 2061 juveni-

167 2077 243 2164 bus,
274 2062 430 2165 vquantum
459 2083 564 2145 valeat
592 2082 769 2168 industria,
801 2084 968 2167 conjuncta
995 2070 1069 2144 cum
1097 2080 1161 2145 fide
1188 2096 1220 2146 et

167 2187 347 2270 prudentia.
387 2188 487 2276 Igitur
506 2189 590 2253 haud
611 2190 752 2253 alienum
770 2189 851 2253 milri
870 2190 997 2257 videtur
1013 2191 1054 2254 ab
1070 2191 1130 2254 hoc
1146 2191 1217 2255 loco

166 2307 199 2357 et
219 2308 381 2384 tempore,
409 2298 448 2361 de
469 2302 535 2364 vita
555 2302 619 2365 viri
638 2296 779 2366 breviter
798 2297 898 2376 verba
917 2298 1030 2388 facere.

226 2486 228 2490 Ι
250 2403 353 2467 Natus
374 2417 420 2468 est
440 2404 558 2469 Noster
576 2427 661 2469 anno
683 2405 798 2469 saeculi
824 2405 941 2469 decimi
961 2410 1040 2470 sexti
1057 2410 1218 2471 trIcesimo

165 2536 255 2581 nono
283 2518 317 2577 in
337 2514 518 2582 Franconia
542 2512 627 2578 haud
648 2512 761 2600 procul
782 2513 837 2582 W
839 2514 1041 2603 eissenburgo
1048 2561 1060 2601 ‚
1092 2528 1124 2578 et
1144 2518 1218 2601 qui-

166 2622 241 2687 dem
262 2634 354 2687 natus
375 2635 421 2687 est
439 2624 510 2686 loco
531 2643 734 2708 nequaquam
753 2621 878 2688 humili.
919 2623 1005 2687 Puer
1024 2637 1095 2687 octo
1111 2643 1218 2686 anno-

163 2753 240 2794 rum
266 2743 355 2815 patre
379 2729 521 2817 orbatus,
554 2735 610 2816 qui
634 2735 669 2795 in
694 2729 897 2796 defendendis
919 2746 1029 2795 contra
1049 2731 1218 2816 Hispano-

166 2860 243 2902 rum
270 2820 401 2922 injurias
426 2844 545 2923 patriae
570 2836 686 2903 finibus
715 2837 842 2924 cecidit,
869 2843 905 2902 in
930 2838 1062 2902 tutelam
1088 2838 1217 2904 devenit

138 2941 332 3031 avunculi,
367 2945 583 3029 Widmanni,
617 2948 750 3032 pastoris
777 2945 1045 3034 Langenzennae,
1081 2945 1120 3010 ab
1149 2946 1217 3029 *hoo

166 3075 260 3145 mox,
281 3058 432 3116 tutiorem
448 3056 482 3115 in
496 3053 621 3138 locum,
637 3051 902 3144 Ochsenfurtum²
920 3038 1075 3140 oppidum
1086 3040 1217 3121 Wilrz-

163 3161 333 3250 burgense,
353 3167 483 3250 missus,
504 3177 535 3226 et
554 3176 683 3250 patruo,
704 3160 815 3246 oppidi
834 3175 901 3224 tum
923 3162 1097 3252 praelecto,
1113 3164 1216 3228 tradi-

163 3284 214 3333 tus
242 3285 297 3334 est.
347 3272 413 3334 Hic
439 3294 577 3358 puerum
605 3282 776 3339 venustum
804 3272 1019 3357 festivumque
1045 3279 1111 3338 nati
1142 3274 1213 3338 loco

163 3376 313 3464 habebat,
344 3382 411 3465 ipse
435 3381 526 3465 prole
555 3381 730 3444 destitutus:
774 3394 806 3444 at
835 3379 1021 3444 Romanam
1050 3404 1214 3447 sacrorum

156 3486 337 3555 ¹formulam
363 3486 571 3573 profitebatur
594 3488 664 3574 ille,
695 3487 741 3551 ibi
761 3492 795 3552 in
817 3465 936 3575 oppido
955 3490 1133 3577 Episcopali
1154 3491 1217 3554 do-

166 3600 343 3658 mesticam.
384 3595 498 3661 Aiebat
517 3618 595 3663 vero
617 3595 706 3658 domi
726 3596 877 3660 famulam
887 3649 898 3680 ,
925 3619 1028 3659 rrooue
1048 3599 1215 3687 formulae,

168 3701 387 3790 Lutlreranae7
418 3705 565 3790 cupidam
585 3717 615 3767 et
630 3703 817 3768 studiosam:
843 3705 936 3793 haec,
962 3709 1072 3792 ignara
1091 3711 1216 3794 penitus

168 3808 359 3896 litterarum,
387 3835 523 3898 puerum
543 3811 675 3875 subinde
694 3814 888 3878 munusculis
914 3813 1049 3902 (pomis,
1072 3813 1216 3900 nucibus,

166 3923 294 4011 cerasis,
323 3920 479 4006 numulis)
508 3905 658 3984 excitabat
687 3919 727 3984 ud
754 3922 998 4008 praelectionem
1025 3919 1214 3989 Catechismi
