2776 5124
168 1137 238 1232 Qui
255 1136 404 1224 proximo
424 1153 526 1223 anno,
551 1130 746 1200 auditoribus
764 1143 802 1199 ut
818 1131 901 1200 mihi
919 1135 1031 1206 videre
1049 1143 1136 1208 visus

81 1271 158 1318 sum
170 1246 258 1312 haud
270 1242 521 1331 indignantibus,
541 1242 640 1311 verba
654 1242 715 1307 feci
731 1241 771 1307 de
785 1243 836 1308 M.
854 1243 994 1332 Georgio
1007 1245 1136 1313 Burob-

81 1357 214 1443 bardto,
232 1367 269 1418 ut
280 1357 410 1441 optimis
427 1351 596 1449 juueuibus
612 1351 796 1439 exemplum
810 1375 1036 1445 proponerem,
1050 1359 1136 1426 unde

81 1477 329 1551 cognoscerent,
365 1473 520 1548 quantum
549 1459 674 1524 efficere
703 1460 809 1529 valeat
843 1461 1020 1546 industria,
1056 1488 1138 1531 con.

83 1577 194 1662 juncta
222 1594 296 1635 cum
321 1568 386 1634 fide
411 1581 443 1635 et
466 1567 650 1656 prudentia,
678 1590 765 1634 nunc
785 1568 890 1632 oblata
909 1568 1023 1636 eidem
1043 1594 1138 1637 occa-

80 1687 174 1748 sione
206 1680 345 1745 dicturus
373 1701 446 1743 sum
474 1677 513 1742 de
541 1676 604 1741 alio
634 1675 760 1743 scholae
782 1692 915 1771 ,nostrae
943 1682 1139 1772 professore,

79 1812 150 1856 non
180 1789 236 1854 illo
265 1788 393 1875 quidem
427 1785 619 1874 percelebri,
656 1809 717 1852 nec
744 1799 854 1852 tamen
881 1810 950 1854 non
978 1789 1018 1854 de
1043 1791 1139 1858 rebus

78 1900 195 1964 uostris
218 1897 300 1962 bene
325 1901 518 1984 promerito,
554 1896 594 1960 de
620 1895 709 1982 Mag.
742 1892 812 1960 Vito
837 1895 1011 1962 Miillero:
1049 1904 1138 1986 cujus

78 2011 148 2075 vita
168 2008 230 2071 hoc
249 2005 345 2070 habet
363 2004 540 2092 singulare,
562 2002 649 2089 quod
668 2008 789 2090 ispuer
810 2015 842 2068 et
860 2004 1041 2073 adolescens
1060 2030 1137 2073 cum

77 2137 206 2180 summa
226 2117 352 2199 inopia,
378 2111 594 2176 incommodis
615 2122 709 2196 atque
729 2116 890 2178 aerumnis
910 2118 1017 2182 omnis
1036 2139 1137 2204 gene-

77 2227 123 2289 ris
152 2222 348 2308 colluctatus,
377 2222 530 2310 patientiis
555 2233 665 2284 tamen
687 2231 719 2284 et
738 2226 911 2287 constantia
929 2223 964 2288 id
983 2226 1136 2314 obtinuit,

76 2345 115 2396 ut
140 2334 203 2397 Dei
229 2332 384 2396 beneficio
412 2345 443 2396 et
468 2331 577 2394 locum
600 2342 817 2414 assequeretur
840 2330 1071 2424 honorificum,
1104 2348 1136 2402 et

74 2441 292 2526 facultatibus,
311 2445 339 2505 si
359 2462 427 2506 nou
447 2438 606 2526 afflueret,
626 2444 700 2505 satis
720 2452 829 2506 tamen
849 2446 1018 2510 instructus
1038 2457 1135 2532 esset,

76 2565 114 2615 ut
133 2556 228 2616 etiam
247 2551 404 2638 stIpendio
424 2570 444 2613 a
464 2571 498 2613 se
517 2569 577 2636 pro
596 2548 774 2637 litterarum
788 2551 934 2618 studiosis
950 2551 1053 2642 legato
1069 2575 1128 2621 no·

75 2665 174 2726 minis
194 2664 244 2725 sui
263 2663 440 2724 memoriae
459 2669 564 2745 posset
585 2657 759 2727 consulere.

162 2769 279 2832 Dicam
304 2789 383 2835 vero
411 2765 567 2848 breviter,
596 2778 629 2829 et
653 2769 721 2831 sine
745 2781 877 2854 ornatu,
911 2791 1008 2856 quem
1032 2774 1060 2839 si
1079 2767 1134 2840 vel

75 2880 217 2942 maxime
239 2874 413 2939 consectari
431 2872 607 2958 voluerim,
634 2885 717 2938 certe
736 2873 822 2939 haud
840 2877 958 2943 ferebat
975 2885 1132 2968 proximis

74 2984 163 3049 hisce
190 2983 300 3049 diebus
323 3004 434 3048 rerum
457 3003 605 3046 mearum
630 2984 714 3046 inter
732 2985 925 3052 turbationes
945 2990 1131 3060 domesticas

73 3097 168 3159 ratio.

158 3199 261 3266 Natus
288 3213 335 3267 est
352 3199 523 3264 Mtillerus
548 3219 632 3263 anno
651 3221 747 3286 supra
766 3200 974 3271 millesimum
992 3231 1126 3300 sexage-

70 3314 156 3378 simo
172 3313 279 3397 primo
298 3307 417 3395 (1561)
436 3311 568 3395 inpage
585 3308 982 3405 FranconiaeBiilnheim,
1008 3318 1124 3390 humili

69 3419 161 3505 loco,
185 3432 275 3506 patre
293 3421 422 3505 pistore.
463 3412 601 3483 Orbatus
620 3429 667 3482 est
685 3431 788 3508 patre,
814 3425 871 3488 vix
890 3446 1013 3492 annum
1031 3445 1121 3496 aeta·

69 3533 112 3596 tis
130 3533 273 3616 primum
298 3548 454 3593 emensus.
494 3526 601 3591 Mater
626 3532 731 3613 nupsit
754 3533 874 3596 iterum
890 3539 1017 3628 pistori,
1043 3547 1116 3610 viro

71 3639 203 3728 quidem
226 3636 345 3724 probo,
375 3636 430 3702 sed
456 3638 512 3723 qui
533 3639 569 3700 in
589 3635 726 3700 aliorum
745 3644 877 3726 negotiis
897 3647 1043 3713 curandis
1061 3673 1118 3716 sua

70 3747 257 3834 negligeret.
304 3745 371 3810 Hic
392 3743 624 3810 Ufficbemium
645 3753 810 3837 concessit,
841 3765 990 3838 emtoque
1005 3757 1118 3825 diver-

69 3859 156 3922 sorio
183 3856 408 3946 cauponariam
433 3856 539 3940 coepit
562 3876 721 3941 exercere,
754 3871 790 3921 ut
814 3857 933 3926 labenti
953 3865 1000 3929 rei
1021 3865 1120 3930 fami-

70 3961 144 4028 liari
164 3962 239 4029 inde
258 3973 379 4050 peteret
396 3959 583 4032 subsidium.
624 3960 739 4030 Schola
758 3965 803 4032 ibi
820 3969 908 4036 nulla
927 3983 1004 4062 erat,
1023 3995 1121 4063 quam

697 4066 702 4080 '
831 4075 907 4144 ta*
