2776 5124
277 455 318 513 36
557 437 760 505 Eutrours
803 434 1058 508 Pnuurturo.

280 613 443 690 sideman
463 605 549 673 unde
567 603 724 692 posthaec
745 603 785 667 ad
804 625 968 668 summum
978 606 1012 669 in
1028 603 1245 672 Universitate
1258 608 1337 694 dig-

277 725 381 787 nitatis
420 716 572 805 gradum,
606 710 794 776 Cancellarii
830 711 1080 798 Principalisqne
1109 712 1337 781 Commissurii

277 847 395 892 munus
415 837 448 889 et
467 822 548 888 ordo
570 840 679 885 rerum
698 833 731 885 et
747 823 830 906 justa
846 823 1034 888 existimatio
1054 823 1124 889 seni
1140 826 1335 911 gravissimo

275 943 468 1022 aperuerunt
485 930 617 995 aditum.

352 1039 523 1128 Ephoratu
541 1036 729 1122 Theologici
747 1037 918 1105 Seminarii
944 1062 1003 1127 per
1025 1061 1148 1111 novem
1167 1054 1199 1107 et
1219 1043 1337 1130 viginti

267 1172 377 1214 ‘annos
399 1147 574 1230 defunctus,
606 1144 809 1211 introduxit'
798 1167 834 1210 m
852 1144 915 1211 hoe
932 1169 1049 1212 munus
1070 1147 1102 1213 d
1121 1157 1175 1217 21.
1194 1151 1337 1237 Augusti

217 1283 219 1286 ·
280 1264 360 1329 1806
401 1258 510 1324 virum
517 1297 528 1339 ,
556 1251 638 1315 mihi
665 1274 724 1338 per
750 1265 873 1342 totum,
906 1276 970 1342 quo
995 1255 1172 1346 theologiae
1200 1259 1335 1324 studiosi

275 1363 606 1448 Wiirtembergenses
625 1373 695 1423 tum
713 1366 866 1449 temporis
889 1364 1175 1453 praeparabamus,
1201 1389 1335 1433 noven-

276 1479 367 1555 nium
387 1472 497 1537 studiis
519 1471 695 1540 litterarum
721 1475 895 1557 animoque
923 1476 1217 1560 conjunctissimum
1240 1497 1336 1539 sern-

274 1605 395 1670 perque
414 1580 491 1646 inde
518 1583 763 1667 amicissimum,
790 1578 825 1647 S.
847 1580 934 1649 Rev.
961 1580 990 1647 Ι.
1014 1582 1052 1645 F.
1073 1581 1213 1670 Gutn,
1243 1602 1336 1647 nune

274 1691 460 1755 Praelatnm
481 1701 512 1752 et
531 1687 851 1774 Superintendentem
870 1687 1077 1779 Generalem,
1095 1693 1238 1776 ingenio,
1254 1713 1335 1755 eru-

190 1816 193 1821 ·
276 1798 406 1888 ditione,
426 1798 618 1883 perspicacia
637 1796 733 1881 plane
753 1801 917 1862 eximium.

359 1907 469 1971 Finire
494 1915 602 1968 autem
629 1902 691 1967 hoo
721 1904 938 1990 qualecunque
969 1903 1125 1971 memoris
1155 1923 1193 1968 ac
1223 1916 1336 1991 gratae

275 2019 394 2087 mentis
421 2014 651 2077 documentum
676 2021 709 2076 et
733 2012 875 2100 elogium
895 2019 991 2078 etiam
1008 2013 1091 2080 mihi
1109 2013 1203 2079 liceat
1221 2014 1334 2080 verbis

275 2125 376 2190 veluti
396 2135 509 2185 mutuo
531 2123 661 2185 sumtis:
736 2142 742 2150 ·

213 2226 216 2231 ’
358 2231 467 2316 Have,
486 2234 592 2294 anima
613 2229 825 2315 praeceptoris
844 2230 975 2317 ingenui
992 2226 1183 2299 reverenda!
1221 2223 1333 2319 Have,
1362 2215 1373 2225 “

275 2361 367 2416 mens
383 2339 543 2402 coelestis!
564 2340 743 2423 infimoque
762 2337 818 2400 illo
837 2337 947 2402 habitu
965 2337 1121 2426 solertiae,
1148 2337 1334 2427 honestatis,

273 2447 477 2534 prudentiae,
504 2466 603 2529 quem
620 2465 678 2529 per
697 2442 780 2507 hanc
807 2448 892 2512 vitae
919 2448 1076 2510 terrestris
1103 2448 1334 2530 experientiam

273 2568 367 2640 atque
398 2557 654 2619 exercitationem
685 2555 873 2638 acquisitum
906 2556 1044 2638 penitius
1072 2553 1162 2638 quasi
1190 2551 1334 2642 induisti,

272 2663 389 2748 fruere,
408 2682 496 2725 nunc
515 2682 554 2723 eo
574 2659 698 2722 beatior
716 2673 939 2744 perennatura.

359 2769 487 2835 Havete
508 2765 640 2830 insimul
657 2770 710 2862 pii
727 2767 871 2854 mihique
897 2771 978 2834 sacri
1005 2788 1116 2834 manes
1142 2784 1334 2859 praecepto-

272 2900 366 2964 rum,
396 2888 469 2962 post
488 2885 656 2961 parentem
673 2877 780 2957 ipsum
802 2873 843 2938 de
861 2899 917 2941 me
934 2880 1136 2963 potissimum
1152 2878 1235 2945 bene
1255 2903 1334 2945 me-

272 2974 603 3072 ritonnn,Kiin1uu1,
623 2978 768 3066 Sronnn,
787 2981 969 3071 Romnum,
1002 2985 1116 3070 quibus
1135 2989 1333 3052 nominatim

274 3095 472 3182 compellatis
493 3103 613 3157 ceteros
631 3093 729 3157 etiam
747 3101 835 3177 grata
853 3104 962 3157 mente
982 3091 1261 3180 colerenunquam
1270 3095 1333 3161 de·-

273 3207 393 3285 sinam!

357 3309 442 3377 Vale
461 3331 541 3378 vero
561 3308 644 3378 inter
663 3257 763 3398 Tuos,
782 3325 814 3378 et
833 3331 930 3400 quam
949 3309 1124 3377 diutissime
1150 3312 1241 3398 vale,
1283 3324 1334 3400 tu,

274 3421 498 3506 perantiquum
517 3428 550 3482 et
566 3419 702 3505 perutile
720 3423 854 3488 civitatis
870 3420 1078 3506 ecclesiaeque
1092 3418 1333 3487 Wiirtemher-

274 3531 380 3612 gicae,
409 3528 513 3589 immo
541 3530 647 3592 omnis
672 3532 819 3594 scientiae
838 3524 950 3612 decus,
976 3548 1037 3592 nec
1066 3525 1241 3593 desiturum
1260 3548 1334 3593 non

276 3633 489 3701 termarum
508 3648 754 3722 ornamentum,

338 3745 471 3835 Χαῖρε
492 3745 552 3808 καὶ
560 3740 718 3834 ἔρρωσο,
726 3755 775 3827 tu,
792 3737 1010 3805 Seminarium
1029 3733 1332 3828 Evangelicelhe-

273 3798 453 3936 ologioum!
473 3850 560 3937 qnod
578 3867 611 3918 et
629 3854 726 3941 mihi,
745 3863 781 3916 ut
798 3843 950 3933 millibus,
975 3869 1044 3914 non
1064 3852 1188 3916 victum
1205 3847 1327 3936 solum,

272 3952 330 4035 qod
360 3969 393 4021 et
414 3959 517 4025 multo
541 3966 645 4049 magis
671 3956 835 4047 optabilia,
859 3971 986 4045 tempus
1012 3958 1169 4022 nimirum
1193 3956 1332 4045 largius,
