2776 5124
302 456 559 526 Ancnrnarsooeo
578 467 833 528 renumerare
1073 474 1114 537 '79

52 625 207 691 enisurus
228 625 262 688 in
277 620 448 688 hominum
462 645 518 688 ore
532 623 733 708 versabatur,
752 640 820 691 erat
830 625 1010 698 Matthaeus
1020 631 1116 703 Lan-

50 739 143 822 gius.
189 735 320 798 Verene
340 753 390 797 res
411 735 469 796 ista
489 745 556 798 acta
577 733 681 820 suerit,
718 734 837 820 quidve
857 735 1007 828 effecerit,
1050 767 1116 830 quo

53 848 170 909 minus
189 841 301 906 eadem
321 846 527 930 processerit,
553 847 728 908 incertum:
747 843 826 907 illud
846 868 925 911 vero
945 848 1032 915 haud
1052 854 1117 917 du-

53 951 112 1017 hie
131 951 208 1017 hinc
234 951 386 1038 efficitur,
419 975 597 1041 summam,
628 975 687 1017 nec
712 956 846 1017 summis
867 952 1042 1024 honoribus
1061 966 1117 1025 in-

56 1062 212 1126 feriorem
247 1073 318 1125 tum
351 1060 446 1125 fuisse
477 1064 541 1128 viri
576 1059 660 1148 apud
694 1081 806 1123 omnes
838 1065 1115 1137 existimationem.

58 1167 129 1263 Qui
143 1171 313 1234 Romanae
334 1174 439 1234 curiae
457 1167 541 1234 bene
560 1168 727 1255 favebant,
747 1169 995 1254 praeclarissima
1014 1199 1116 1260 quae-

60 1283 110 1346 vis
136 1300 156 1342 a
176 1278 233 1342 tali
259 1276 410 1365 pontifice
436 1276 657 1364 expectabant3
691 1280 746 1361 qui
767 1289 877 1341 contra
897 1280 992 1344 alieni
1014 1284 1054 1346 ab
1077 1310 1115 1350 ea

61 1399 181 1473 essent,
202 1387 283 1450 nihil
303 1408 371 1451 non
392 1408 503 1451 causae
524 1407 599 1450 suae
619 1384 800 1447 timendum
820 1407 889 1450 esse
910 1391 1115 1474 auguraban-

61 1507 122 1560 tur.
171 1495 227 1559 Ad
255 1495 437 1560 Electorem
464 1493 619 1558 Saxoniae
646 1498 819 1557 acomitiis
849 1506 919 1557 tum
947 1497 1112 1564 absentem

60 1603 247 1692 legatorum,
269 1623 349 1689 quos
364 1600 599 1688 Norimhergae
612 1598 757 1686 hahebat,
772 1600 861 1687 alter,
876 1601 1041 1692 Planitius,
1054 1631 1109 1671 re-

60 1714 222 1779 nuntiavit
244 1711 339 1776 haec:
371 1706 538 1799 ,Langius
564 1714 591 1774 si
611 1709 753 1794 pontifex
779 1710 878 1774 factus
898 1709 1006 1799 fuerit,
1042 1720 1112 1780 vim

60 1842 96 1885 ac
116 1814 357 1907 oppressionem
371 1817 563 1883 Lutheranis
583 1818 772 1903 imminere,
793 1830 825 1880 at
844 1819 1035 1883 feminarum
1052 1845 1114 1887 ve-

58 1945 225 1996 nustatum
245 1951 389 1994 amorem
406 1933 599 2016 permissum
614 1928 654 1989 iri
666 1938 703 1987 ut
714 1927 833 2009 justum
850 1939 881 1989 et
895 1926 1111 2013 legitimum“.

59 2038 143 2104 Sane
172 2061 236 2124 quo
263 2038 317 2101 ille
344 2042 378 2102 in
399 2034 599 2102 Lutheranos
623 2035 733 2097 animo
753 2034 864 2116 fuerit,
893 2058 933 2099 ex
954 2058 992 2100 eo
1014 2040 1111 2102 intel·
1182 2067 1185 2074 =

57 2148 154 2234 ligas,
189 2146 276 2232 quod
296 2145 532 2232 Norimbergae
552 2141 766 2229 Ferdinandi,
795 2142 915 2230 legatos
929 2147 1112 2213 nonnullos

54 2268 126 2320 tum
153 2254 195 2318 ad
223 2255 337 2318 auxilia
365 2265 475 2318 contra
493 2252 615 2318 Turcas
643 2256 831 2337 praestanda
852 2267 923 2319 tum
943 2255 983 2319 ad
1004 2263 1110 2336 entin-

54 2362 216 2452 guendam
240 2360 373 2426 Lntheri
400 2361 578 2425 doctrinam
604 2359 777 2444 hortantis,
812 2367 950 2429 orationi
978 2366 1110 2452 subjecit

17 2526 19 2530 ,
53 2473 148 2540 haec:
186 2473 290 2538 Satius
315 2494 391 2552 esse,
412 2484 449 2535 ut
467 2469 653 2556 lutherani,
674 2492 771 2555 quam
791 2483 828 2535 ut
849 2473 974 2537 Turcae
995 2480 1109 2564 erstir-

52 2594 183 2671 pentur,
205 2595 236 2646 et
256 2604 290 2647 se
311 2581 442 2667 quidem
461 2579 614 2647 adversus
636 2575 709 2638 illos
724 2577 882 2646 lubentius
899 2585 995 2647 etiam
1012 2605 1110 2670 opem

50 2715 122 2760 esse
144 2692 295 2756 laturum.

138 2800 181 2864 ln
201 2799 395 2885 Augustanis
420 2800 516 2862 etiam
543 2800 678 2864 comitiis
698 2798 891 2886 multiplices
911 2822 1110 2888 magnasque
1160 2838 1163 2843 Δ

51 2921 158 2999 partes
184 2912 301 2972 iterum
330 2911 475 2972 sustinuit
495 2906 624 2973 Noster.
671 2907 737 2971 Hic
764 2929 839 2971 cum
859 2907 1109 2972 Melanchthone
1202 2968 1213 2977 ..

51 3016 225 3104 aliquando
254 3037 456 3103 congressus,
486 3039 561 3080 oum
582 3028 727 3104 negaret,
764 3014 940 3102 quidquam
961 3016 1110 3080 relictum

51 3149 132 3212 esse,
151 3128 213 3190 nisi
226 3135 261 3187 ut
273 3124 422 3188 alterutra
433 3146 506 3211 pars
521 3125 654 3189 alteram
663 3123 856 3212 litigantium
864 3127 1007 3192 vinceret
1019 3123 1109 3188 subi-

30 3265 34 3272 ·
52 3247 215 3323 geretque,
227 3231 494 3297 etMelanchthon
501 3232 642 3298 modeste
653 3255 688 3298 se
702 3248 833 3320 gereret,
851 3234 891 3300 de
903 3237 1110 3304 emendandis

50 3341 187 3409 clericis
213 3343 354 3404 maxime
379 3343 448 3429 agi,
477 3341 547 3430 ille,
575 3364 633 3428 per
653 3344 763 3427 jocum
785 3347 895 3430 quasi,
922 3345 979 3410 sed
999 3358 1109 3413 tamen

53 3473 150 3538 vere,
184 3446 278 3536 quid,
309 3449 369 3536 ait,
399 3449 439 3514 de
466 3449 558 3514 nobis
585 3449 800 3516 sacerdotibus
821 3451 1028 3521 emendandis
1048 3476 1109 3523 vos

53 3563 169 3648 agitis?
197 3579 257 3624 nos
278 3579 358 3625 vero
378 3558 557 3624 sacerdotes
571 3582 738 3646 nunquam
750 3561 828 3625 boni
843 3560 972 3626 fuimus.
1006 3561 1110 3627 Prae-

53 3665 210 3756 legendae
230 3665 420 3732 confessioni
439 3689 514 3731 cum
534 3673 601 3756 ipse
621 3667 827 3756 interfuisset,
848 3673 958 3735 mitius
980 3671 1110 3759 quidem
1193 3683 1199 3705 ⁸

55 3797 144 3843 nunc
164 3775 204 3840 de
224 3773 407 3839 Lutherana
427 3777 564 3841 formula
585 3777 755 3864 judicavit,
779 3776 835 3842 sed
854 3784 1002 3866 negavit,
1029 3777 1109 3843 illud

55 3883 227 3951 ferendum
245 3905 322 3973 esse,
342 3884 429 3971 quod
443 3885 592 3950 obscurus
608 3885 719 3971 aliquis
733 3887 910 3952 monachus
927 3900 1031 3951 sumat
1050 3886 1110 3952 sibi
1131 3965 1134 3974 Ι

57 4005 249 4083 potestatem
269 3997 379 4059 omnia
399 3991 605 4060 reformandi.
645 3991 731 4060 cum
751 3993 846 4064 brevi
865 4010 938 4082 post
957 4017 1109 4084 congres-
