2776 5124
879 159 884 193 l

144 403 148 411 ’
258 410 302 479 40
540 413 734 481 Eu1r0a1s
775 411 1020 483 Paaurarro.

261 577 456 666 honoreill0,
475 577 617 665 profecto
638 596 676 642 er
692 579 924 667 loco,unde,ut
939 579 1006 646 fere
1017 577 1064 666 fit,
1076 579 1170 645 multi
1181 603 1312 670 quoque

261 687 407 774 vulgares
425 687 572 777 Magistri
590 692 762 757 renuntiati
782 700 866 772 sunt,
885 703 917 752 at
936 692 1106 756 renuntiati
1116 697 1212 759 etiam
1223 694 1314 760 Par-v

262 813 370 864 curus
389 795 650 883 Msmacnmou,
671 793 879 883 Germaniae,
899 801 968 863 imo
987 798 1135 886 Europae
1154 823 1313 892 praecep*

258 915 319 990 tor,
338 905 539 972 Mutamus
558 905 665 993 Lava,
684 919 793 992 postea
811 903 1074 992 Arohiepiscopus
1087 907 1313 998 Salisburgem

259 1017 301 1078 sis
320 1027 352 1090 et
370 1013 539 1080 Romanae
557 1014 715 1081 Ecclesiae
734 1013 920 1102 Cardinalis,
939 1014 996 1081 Jo.
1017 1016 1167 1106 Rasna,
1193 1019 1319 1108 aliique.

260 1145 336 1188 sane
355 1123 460 1208 multi,
479 1127 536 1210 qni
555 1128 739 1206 maximam,
766 1145 900 1210 eamque
919 1145 1095 1209 perennem
1115 1126 1157 1190 ad
1176 1148 1312 1209 omnem

258 1236 474 1319 posteritatem
489 1235 632 1303 nominis
650 1231 771 1294 sarnam
790 1245 823 1296 et
839 1231 974 1318 gloriam
992 1231 1053 1297 sibi
1072 1249 1275 1318 paraverunt.

265 1327 267 1331 ¹
344 1342 438 1415 Date·
447 1341 510 1417 hoc
529 1339 623 1428 mihi,
640 1339 822 1429 Auditores,
841 1351 876 1404 ut
888 1361 968 1426 quae
982 1327 1072 1405 annis
1085 1341 1198 1406 abhinc
1211 1348 1314 1430 quina·

260 1455 409 1536 quaginta
434 1449 494 1513 hac
518 1453 554 1514 in
578 1472 615 1514 re
642 1453 711 1512 acta
734 1448 860 1535 fuerint,
881 1471 1134 1514 commemorem
1153 1450 1307 1540 breviter,

260 1581 342 1644 quae
360 1563 387 1622 si
404 1557 508 1622 Vobis
525 1558 696 1626 'videantur
713 1560 821 1640 minus
848 1560 974 1642 gravia,
1001 1557 1055 1624 vel
1081 1557 1160 1625 adeo
1186 1558 1313 1626 leviora

260 1667 339 1755 cula,
359 1665 506 1742 mihimet
527 1680 608 1732 certe
630 1687 697 1734 non
717 1680 849 1754 possunt
867 1689 935 1734 non
947 1688 1027 1738 csse
1054 1684 1312 1739 commemoratu

260 1776 410 1864 jucunda.
1140 1797 1143 1800 ’
1311 1763 1315 1766 ’

343 1887 438 1978 Quae
455 1889 552 1954 hodie
568 1892 708 1954 instituta
728 1887 889 1953 Solemnia
910 1889 966 1955 illo
992 1909 1078 1953 anno
1104 1888 1210 1954 hahita
1235 1906 1313 1957 sunt

260 2005 378 2068 mensis
399 1999 546 2066 Octobris
566 2000 617 2063 die
637 1999 762 2062 decimo
784 2019 889 2063 nono:
908 1996 1013 2061 nullae
1034 2001 1121 2061 enim
1133 1999 1332 2089 tumferiaex

258 2109 470 2196 academicae,
501 2130 605 2194 neque
632 2105 830 2171 autumnales
861 2127 964 2191 neque
991 2106 1150 2194 vernales,
1179 2112 1313 2173 nonnisi
1335 2088 1339 2093 ι

258 2223 395 2285 aestivae
413 2221 512 2280 trium
530 2216 596 2279 fere
616 2219 874 2300 septimanarum,
893 2227 1056 2298 peractum
1076 2227 1227 2280 semestre
1244 2227 1312 2282 nov

261 2347 341 2393 vum
362 2323 534 2410 excipiebat
553 2323 640 2387 nulla
659 2343 752 2385 mora
771 2323 948 2406 interjecta:
978 2322 1065 2408 quod
1090 2327 1117 2387 si
1137 2346 1312 2391 commuue

259 2447 339 2503 esset
357 2435 506 2498 omnihus
527 2433 719 2497 Germaniae
739 2432 917 2496 litterarum
935 2423 1207 2518 universitatibus,
1232 2431 1312 2503 nes-.-

259 2547 304 2613 cis
325 2565 434 2608 annon
453 2555 623 2630 praestaret
642 2545 682 2626 ei,
702 2563 765 2627 qua
782 2562 869 2606 nunc
887 2543 1016 2625 utimur,
1037 2541 1269 2608 oonsuetudini.

344 2649 444 2715 Scena
471 2649 547 2712 haec
572 2653 641 2734 ipsa
659 2648 759 2734 Aula,
786 2660 857 2710 tum
883 2668 1010 2732 quoque
1038 2645 1121 2710 dicta
1147 2646 1246 2715 Nova
1265 2686 1311 2701 ..

261 2758 348 2847 quod
366 2779 454 2825 nova
473 2758 554 2821 facta
574 2770 663 2844 esset,
681 2760 786 2845 prima
806 2753 883 2818 aede
904 2753 1083 2839 Sapientiae
1103 2776 1188 2819 anno
1200 2757 1312 2826 mille,

259 2874 342 2941 simo
372 2870 624 2954 quingentesimo
646 2865 770 2928 decimo
790 2875 902 2951 quarto
922 2861 1062 2928 flammis
1082 2879 1247 2929 consumta
1265 2905 1311 2929 -η-

261 2977 317 3052 sed
337 2991 408 3041 tum
428 2977 565 3040 duorum
586 2997 660 3038 cum
681 2971 815 3037 dimIdio
844 2972 1043 3043 saeculorum
1070 2995 1130 3038 usu
1159 2974 1310 3065 obsoleta,

259 3087 353 3153 hrevi
372 3097 453 3172 post,
473 3082 560 3170 quod
578 3087 706 3146 instaret
725 3101 851 3148 novum
877 3082 1038 3145 saeculum
1057 3080 1191 3147 Scholae
1223 3085 1312 3148 cele-.-

259 3194 428 3279 brandum,
448 3213 520 3256 eam
540 3213 638 3277 quarn
658 3211 743 3255 nunc
762 3189 859 3254 hahet
876 3187 1032 3274 formam,
1057 3193 1084 3253 si
1111 3210 1180 3281 non
1199 3191 1312 3277 spiere

175 3364 179 3371 ,
261 3303 380 3387 didam,
399 3314 431 3365 at
450 3301 616 3365 honestam
634 3311 743 3364 tamen
764 3321 825 3364 noc
843 3297 1084 3363 incommodam
1104 3297 1228 3384 adepta.
1319 3325 1324 3332 “

238 3408 241 3412 ’
344 3409 541 3476 Professores
560 3405 696 3493 publici,
724 3405 837 3494 quihm
855 3420 924 3471 tum
945 3407 1099 3494 gaudebat
1117 3408 1310 3499 Tubingen,
1341 3452 1344 3457 -

260 3524 302 3586 sis
328 3519 504 3590 litterarum
530 3516 735 3601 universitas,
764 3513 804 3580 de
830 3518 898 3592 vita
927 3513 1124 3587 decesserunt
1148 3554 1191 3580 -n
1217 3519 1318 3586 houd·

260 3649 383 3694 omnes.

344 3739 506 3824 Superstes
528 3748 583 3823 est,
602 3757 698 3821 quem
720 3756 778 3800 nos
799 3755 911 3799 omnes
932 3755 1125 3799 veneramur
1141 3734 1308 3800 Seniorem

259 3858 404 3914 nostrum
424 3867 501 3910 vere
521 3844 751 3928 venerandum,
770 3847 821 3910 vir
840 3832 1043 3930 perillustris,
1068 3843 1183 3909 Surus
1201 3843 1309 3910 Jaco-

191 3934 193 3953 Ι
253 3959 315 4021 ⁴aus
343 3953 382 4017 de
402 3954 525 4040 Kurra,
551 3957 694 4040 egregius
716 3951 755 4015 de
774 3972 900 4015 summa
919 3950 1078 4036 republica
1100 3951 1308 4039 camilianus,
