2776 5124
187 913 435 1004 Academicum,
462 938 560 1002 quem
582 915 678 981 hodie
697 940 801 1007 p‘on0,
829 925 1049 1008 magistratum
1073 951 1149 998 cum

101 1024 142 1090 ad
156 1024 241 1089 diem
251 1026 415 1090 decimum
429 1029 556 1089 tertium
565 1025 646 1111 Maji
658 1008 868 1116 susciperem,
886 1033 1038 1099 traditum
1053 1040 1147 1129 mihi,

102 1147 283 1221 praesente,
313 1147 406 1221 atque
428 1138 524 1197 etiam
545 1149 706 1199 annuente
721 1135 1036 1222 Magnificentissimo
1055 1145 1148 1234 hujus

99 1239 233 1307 Scholae
255 1243 412 1329 Rectore,
442 1240 649 1307 Serenissimo
675 1255 707 1307 et
730 1245 973 1313 clementissimo
996 1253 1088 1318 Duce
1109 1281 1147 1320 ac

97 1349 243 1415 Domino
264 1364 392 1438 nostro,
420 1346 622 1432 CAROL0;
651 1355 721 1436 quis
742 1374 858 1438 quaeso
879 1368 947 1419 erat
967 1361 1050 1424 inter
1072 1386 1147 1450 vos,

97 1459 270 1548 auditores,
297 1463 349 1522 cui
364 1464 399 1529 in
416 1473 559 1522 mentem
575 1463 717 1546 veniret,
743 1463 913 1526 imminere
930 1464 1022 1529 nobis
1038 1471 1146 1560 talem,

96 1568 225 1653 qualem
250 1570 335 1655 passi
361 1590 488 1653 sumus,
520 1571 730 1647 tristissimam
753 1570 907 1654 jacturam
927 1583 958 1634 et
979 1575 1145 1642 calamita..

93 1681 182 1741 tem?
212 1677 362 1762 Optimus
379 1680 544 1764 princeps,
569 1699 642 1739 cum
657 1675 882 1763 procedentem
900 1700 938 1741 ex
953 1677 1069 1745 Senatu
1085 1709 1144 1750 co·

93 1787 220 1848 mitanti
237 1784 318 1849 mihi
333 1785 417 1849 ultro
433 1783 623 1872 significaret
637 1783 882 1870 humanissime,
903 1787 1075 1877 intelligere
1091 1816 1141 1877 se,

93 1910 194 1980 grave
214 1915 280 1959 esse
298 1907 330 1958 et
345 1894 536 1981 molestum,
565 1893 652 1981 quod
666 1892 747 1956 mihi
762 1898 947 1977 impositum
963 1899 1019 1982 sit,
1045 1920 1138 1983 onus3

90 2021 188 2088 quam
209 2025 286 2089 ego,
305 2015 504 2088 praesentem
524 2007 628 2088 quasi,
648 2005 748 2066 animi
767 2006 994 2064 recreationem
1014 2015 1139 2092 captavi

88 2133 130 2174 ex
153 2115 359 2198 cogitatione,
391 2111 578 2175 diutnmnm
603 2109 682 2173 illud
701 2108 787 2173 haud
808 2128 874 2173 esse
896 2110 951 2174 sed
969 2126 1042 2197 post
1060 2139 1138 2180 mo-

87 2218 196 2282 dicum
223 2233 348 2305 tempus
374 2218 600 2306 deponendum
625 2221 742 2281 iterum
767 2231 946 2305 praesente,
979 2235 1011 2285 et
1036 2221 1137 2291 fidem

85 2341 181 2413 atque
205 2326 393 2390 industriam
419 2349 527 2390 meam
553 2326 806 2413 qualemcunque
830 2324 914 2388 haud
933 2328 1138 2413 improbante

46 2506 49 2511 ,
85 2434 330 2500 clementissimo
357 2435 513 2504 Domino.
567 2433 741 2498 Discedens
768 2455 851 2501 uero
875 2455 899 2498 -a
925 2435 1017 2502 nobis
1043 2463 1135 2526 spem

86 2541 159 2606 fecit
178 2547 244 2628 ipse
264 2542 498 2608 humanIssimis
518 2542 641 2629 verbis,
668 2553 700 2606 et
717 2540 809 2609 breui
828 2563 862 2606 se
882 2542 1074 2636 rediturum,
1102 2560 1134 2616 et

84 2651 217 2716 subinde
236 2656 333 2716 etiam
353 2673 550 2717 accessurum
573 2651 614 2716 ad
633 2670 709 2736 nos,
736 2664 771 2714 ut
790 2649 960 2740 intelligat,
984 2656 1060 2740 quid
1080 2680 1135 2723 re.

82 2785 157 2828 rum
178 2764 261 2849 apud
279 2785 340 2829 nos
361 2776 497 2850 geratur.

166 2870 206 2935 Et
226 2868 379 2956 gaudebat
397 2893 523 2975 quoque
544 2882 613 2934 tum
634 2865 815 2936 valetudine
835 2870 977 2955 corporis
998 2875 1131 2962 optima,

80 2981 180 3044 animi
206 2991 312 3042 autem
341 2981 434 3066 vigor
462 2994 555 3064 atque
582 2978 724 3042 alacritas
747 2977 817 3042 talis
835 2981 872 3040 -in
893 3000 932 3040 eo
953 2984 1132 3066 conspicie-

79 3088 185 3174 batur,
218 3101 255 3150 ut
280 3109 322 3152 ne
345 3109 506 3152 senescere
534 3085 665 3174 quidem
691 3085 796 3149 videri
819 3097 932 3170 posset.
975 3087 1018 3149 Et
1043 3088 1131 3174 quod

77 3200 189 3282 opinio
217 3208 297 3261 esset
322 3196 407 3260 haud
432 3216 532 3281 vana,
560 3209 674 3280 corpus
693 3193 785 3256 illum
808 3214 827 3256 a
847 3207 958 3259 natura
978 3201 1126 3260 sortitum

78 3325 145 3368 esse
165 3302 241 3382 tale,
262 3302 355 3388 quale
373 3307 567 3389 paucissimis
585 3301 770 3365 mortalibus
790 3300 948 3389 obtingat,
971 3303 1062 3389 *quod
1077 3304 1129 3367 la-

75 3409 206 3475 boribus
234 3410 339 3497 frangi
364 3434 432 3476 non
457 3423 576 3498 posset,
607 3430 666 3474 nec
684 3406 874 3471 morborum
901 3409 1126 3475 tentationibus

76 3517 168 3582 facile
193 3518 299 3581 locum
327 3518 430 3606 daret,
459 3518 681 3604 accederetque
705 3515 748 3580 ad
774 3515 835 3580 hoc
852 3529 983 3581 naturae
998 3515 1124 3582 bonum

73 3647 150 3691 cura
170 3626 377 3714 valetudinis,
405 3639 436 3692 et
456 3630 559 3693 victus
576 3629 800 3711 temperantia,
827 3630 989 3711 animique
1007 3626 1125 3690 mode·

75 3739 175 3818 ratio;
209 3734 328 3799 factum
357 3734 432 3798 hinc
459 3748 520 3821 est,
553 3745 589 3798 ut
617 3754 685 3797 non
714 3754 912 3819 speraremus
939 3733 1038 3796 modo
1067 3735 1123 3798 sed

71 3843 168 3931 plane
186 3847 282 3909 etiam
303 3841 550 3930 confideremus,
570 3843 693 3905 etiamsi
712 3844 767 3926 qui
786 3839 881 3905 rebus
896 3840 1122 3908 Wirtember-

72 3955 148 4039 gicis
168 3949 271 4016 adhuc
289 3953 495 4041 praefirerunt
514 3948 607 4014 duces
626 3948 775 4035 longaevi
795 3947 883 4014 baud
902 3948 1034 4037 fuerint,
1056 3953 1118 4016 nisi
