2776 5124
192 419 248 477 122
342 403 452 473 sinin.
472 400 629 469 Gramen
647 418 685 463 m
704 396 794 463 Acm
815 396 1069 464 Tuuuenusmn

188 568 353 636 triarchas
378 564 622 649 constantinop.
641 563 742 629 Dom.
762 563 937 645 Jeremiuc,
964 573 1041 628 caet.
1062 559 1164 645 (1584
1184 559 1242 627 fol.

188 680 275 746 Auf
294 678 381 743 dem
399 670 508 738 Titel
532 677 584 736 ist
603 677 645 738 in
665 673 736 738 den
756 672 930 740 Worten
956 669 996 734 ab
1017 692 1102 734 anno
1128 669 1242 743 ΜΛ).

187 786 338 854 LXXVI
357 788 421 848 ein
441 782 722 869 Druckfehler,
753 793 842 847 statt
860 778 1024 864 LXXIV)
1051 801 1126 842 cum
1145 798 1241 864 prae-

185 898 305 964 fatione
324 895 476 961 adversus
497 891 707 960 Socolovium
725 893 885 976 aliosque,
913 892 979 953 acri
999 910 1075 954 sane
1095 901 1127 951 et
1146 906 1242 950 mor-

187 1008 274 1095 daci,
294 1017 329 1068 ut
346 1004 499 1088 temporis
519 1005 604 1064 ratio.
624 1001 763 1086 ferebat,
784 1011 916 1062 auctore·
931 993 1160 1058 Hccrbrundo..

271 1113 326 1177 Ad
346 1111 431 1175 hunc
451 1109 571 1172 libmm
587 1109 745 1173 referendi
760 1120 834 1174 sunt
853 1106 906 1169 alii
923 1104 1008 1169 duos.
1025 1100 1134 1166 Mart.
1152 1102 1242 1167 Cru-

187 1223 230 1286 sii
249 1216 539 1298 Tarso-Graecia,
561 1222 648 1304 cujus
667 1219 753 1283 libro
766 1220 905 1304 septimo.
920 1212 1024 1278 multa
1034 1209 1149 1275 tradita
1167 1222 1242 1276 sunt

188 1330 228 1393 de
246 1328 308 1392 hoc
327 1328 477 1411 negotio„
501 1337 533 1388 et
554 1323 738 1409 Stephon
756 1323 954 1387 Gerlachs
975 1322 1042 1385 des
1063 1319 1239 1383 Aeltcrn

195 1430 430 1520 Tugebuclt,
457 1454 514 1496 seu
533 1432 706 1518 Dianium,
732 1428 853 1496 editum
873 1451 959 1494 anno
979 1427 1111 1492 demum
1131 1423 1242 1488 mille-

186 1545 269 1607 simo
290 1543 523 1603 sexcentesimo·
539 1542 773 1626 septuagesimo.
791 1550 903 1625 quarto
927 1558 947 1600 a
965 1549 1083 1622 nepote
1102 1533 1241 1600 Samue-

187 1651 235 1736 le,
257 1653 313 1734 qui
332 1671 370 1712 ex
390 1652 444 1715 avi
463 1647 587 1713 schedis
603 1646 684 1711 illud
702 1661 862 1735 utcunque
881 1649 1094 1714 concinnavit.

271 1758 334 1823 His
359 1757 461 1822 trihus
484 1757 574 1822 libris
596 1762 653 1845 qui
670 1779 749 1823 usus·
764 1759 874 1842 fuerit,
901 1754 1043 1842 profecto
1063 1755 1125 1818 nisi
1145 1751 1241 1839 plane

186 1854 312 1953 iniquus
333 1867 435 1952 dabit,
461 1887 529 1930 non
548 1887 616 1930 esse
633 1888 689 1931 cur
708 1888 768 1931 nos
788 1887 903 1930 eorum
920 1862 1059 1950 pudeat,
1079 1882 1163 1947 quae
1181 1859 1240 1924 hac

188 1982 224 2043 in
250 2002 286 2043 re
306 1990 375 2041 acta
395 1988 469 2040 sunt
487 1996 507 2038 a
523 1974 715 2060 majoribus:
740 1977 800 2038 etsi
817 1986 925 2038 nostra
945 1976 1043 2038 etiam
1057 1984 1160 2035 aetate
1172 1992 1240 2036 non

191 2086 350 2170 deessent,
370 2087 425 2170 qui
445 2105 513 2147 non
533 2081 728 2146 abstinerent
746 2103 766 2144 a
784 2081 950 2168 carpendis
967 2081 1046 2167 illis,
1066 2081 1169 2148 veluti
1184 2080 1241 2145 cel.

187 2192 293 2256 Denis
316 2199 351 2257 in
372 2189 639 2254 Memorabilibus
655 2189 864 2256 bibliothecae
881 2189 1082 2254 Garellianae
1106 2196 1186 2256 1780
1206 2190 1241 2254 in

187 2299 470 2364 commemoranda
489 2297 595 2363 Crusii
614 2297 909 2387 Turco-Graeciu,
933 2297 1165 2387 commendans
1182 2298 1238 2366 Ge.

189 2405 337 2468 Sebereri
363 2405 505 2469 Jcsuitac
531 2407 672 2489 libellos,
700 2406 928 2471 confutationes
953 2428 1066 2471 eorum
1084 2427 1104 2468 a
1123 2407 1239 2471 nostris

187 2511 343 2600 profectas
371 2515 525 2598 ignorans
550 2515 605 2581 vel
632 2514 840 2580 dissimulans.
897 2513 1053 2600 Profecto
1079 2517 1192 2580 omnia
1218 2536 1238 2577 α

187 2619 316 2682 Nostris
345 2631 419 2682 acta
447 2631 522 2682 suut
551 2621 757 2704 simpliciter,
784 2616 950 2701 fideliter,
979 2618 1127 2697 honeste,
1158 2618 1240 2682 nihil

189 2725 369 2810 quaesitum
388 2721 518 2810 fraude
546 2727 600 2789 vel
627 2736 712 2794 arte„
752 2725 909 2812 Equidem
936 2724 1097 2789 affirmare
1124 2731 1240 2813 ausim,

188 2853 264 2894 casu
283 2835 384 2920 magIs
403 2854 502 2917 quam
521 2836 655 2900 consilio
672 2858 743 2898 rem
755 2856 899 2897 ‚omnem
919 2847 1023 2896 actam
1043 2856 1122 2902 esse.

271 2940 444 3002 Martinus
477 2940 626 3021 Crustas,
662 2948 782 3028 negotii
812 2949 937 3028 primus
961 2955 1088 3028 auctor,
1125 2942 1239 3008 alicubi

186 3047 297 3110 litteris
326 3050 541 3135 consignavit,
569 3051 672 3115 subito
699 3051 758 3115 sibi
785 3074 845 3115 nec
872 3051 934 3114 tale
954 3050 1129 3137 quidquam
1145 3055 1239 3140 cogi-

187 3161 267 3219 tanti
292 3159 327 3218 in
346 3170 488 3222 mentem
509 3164 649 3245 venisse,
683 3161 869 3222 tentandum
892 3181 959 3222 esse
978 3158 1098 3242 aliquid
1117 3159 1238 3224 littera-

188 3287 264 3328 rum
292 3262 333 3325 ad
358 3263 594 3353 Patriarcham,
629 3268 834 3352 postmodum
864 3281 965 3350 ratus,
997 3266 1150 3330 divinitus
1178 3266 1236 3330 hoc

187 3370 247 3438 sibi
261 3383 454 3456 suggestum.
494 3373 625 3460 Absque
640 3373 752 3439 Crusio
766 3397 834 3438 non
853 3377 1017 3459 cogitasset
1037 3374 1076 3437 de
1095 3374 1237 3438 Patriac-

189 3480 247 3543 cha
273 3479 343 3544 lac.
373 3479 538 3545 Andreae.
598 3481 783 3547 Gerlachius
815 3502 896 3548 vero
923 3502 990 3545 non
1018 3480 1151 3566 cupide,
1184 3479 1236 3545 sed

190 3597 372 3651 cunctanter
392 3587 494 3670 magis
512 3587 627 3653 litteras
648 3591 708 3654 sihi
727 3590 857 3654 traditas,
874 3587 1025 3669 reddidit3
1047 3609 1125 3650 nam
1146 3587 1237 3653 Con·

189 3693 417 3779 stantinopolin
436 3699 591 3782 ingressus
610 3715 697 3763 sexto
712 3701 809 3785 Maji,
840 3697 970 3760 demum
984 3699 1094 3781 quinto
1112 3694 1236 3759 decimo

189 3801 338 3868 Octobris
358 3809 484 3868 accessit
504 3812 646 3891 primum
668 3809 708 3871 ad
723 3804 951 3870 patriarcham.
976 3804 1033 3877 ,Et
1053 3824 1134 3888 quae
1151 3803 1236 3867 litte-

187 3913 230 3975 ris
249 3908 395 3996 adjuncta
415 3925 483 3979 erat
503 3913 675 3983 Concionis
695 3915 839 3980 debono
859 3926 984 4000 pastore
998 3931 1146 3998 smnma,
1175 3932 1236 3999 pa-
