2776 5124
581 443 680 512 Fini
701 447 847 517 Jusrmr.
1179 463 1235 524 191

270 608 360 674 llaec
379 617 439 697 est,
458 605 574 678 leviter
594 610 798 701 adumbrata,
818 614 885 684 vita
904 612 1060 703 hominis,
1082 621 1138 703 qui
1159 617 1239 683 nihil

184 719 342 807 familiae,
372 715 456 783 nihil
480 717 659 807 eonnubio‚
686 720 766 784 nibil
784 721 957 787 fautoribus
981 736 1013 786 et
1032 723 1238 814 adjutoribus,

181 826 240 894 sed
258 827 320 890 sibi
339 826 418 913 soli,
439 838 565 912 praeter
576 826 684 891 Deum
701 827 744 893 Ο.
756 828 805 892 M.
816 827 948 892 debebat
963 835 1083 896 omnia.
1121 833 1237 901 Wiir-

180 933 395 1020 tembergiam
417 947 564 1022 nostram
589 933 643 998 ille
661 937 751 1021 petiit
769 932 949 999 adolescens
969 937 1091 1002 advena
1098 987 1109 1026 ,
1140 942 1235 1008 orbus

179 1042 381 1135 parentibus,
414 1029 603 1129 ⁴patrimonii
632 1046 741 1129 inops,
781 1040 941 1108 destitutus
968 1052 1165 1115 necessariis:
1203 1064 1235 1114 at
1265 1043 1269 1050 ’

176 1154 318 1240 patriam
336 1161 462 1238 nactus,
487 1147 643 1213 familiam
662 1154 730 1238 ipse
748 1152 832 1214 inter
850 1171 909 1216 nos
930 1151 1071 1239 condidit
1091 1159 1232 1243 amplam

177 1273 211 1325 et
237 1270 426 1347 spectatam,
455 1279 525 1322 rem
551 1258 742 1322 familiarem
767 1256 906 1321 honestis
931 1261 1106 1326 rationibus
1131 1270 1231 1354 auxit,

174 1383 210 1434 et
236 1369 342 1436 liberis
370 1373 466 1434 etiam
491 1359 565 1433 satis
588 1359 735 1453 amplum¹
760 1370 885 1453 paterni
911 1371 1051 1432 nominis
1076 1381 1108 1432 et
1127 1370 1231 1438 bonae

148 1509 153 1520 ·
173 1482 352 1544 memoriae
369 1479 601 1562 patrirnonium
621 1474 757 1560 reliquit.
797 1472 936 1560 Videtis,
958 1475 1034 1558 quid
1054 1478 1157 1543 valeat
1174 1484 1228 1545 in.

172 1585 310 1674 dustria,
337 1587 505 1670 conjuncta
528 1606 602 1647 cum
622 1579 686 1646 fide
707 1595 739 1645 et
759 1580 949 1646 dexteritate.
992 1582 1091 1671 Sane,
1118 1586 1227 1652 locum

170 1715 211 1759 ac
237 1707 356 1783 sortem
378 1692 527 1757 nascendi
546 1713 644 1756 nemo
664 1713 808 1778 unquam
828 1691 1014 1775 mortalium
1035 1714 1094 1756 nec
1115 1698 1228 1760 sumsit

168 1802 249 1890 sibi,
271 1823 333 1867 nec
349 1823 475 1865 sumere
494 1813 613 1886 potest
649 1797 713 1865 Sed
732 1801 936 1888 industriam,
958 1801 1014 1864 sed
1034 1801 1147 1886 fidem,
1169 1806 1225 1870 sed

166 1911 373 2000 prudentiam
392 1923 496 1996 potest
515 1913 625 1975 sectari
644 1921 676 1973 et
695 1913 818 1995 assequi
837 1913 1066 1996 unusquisque3
1091 1925 1126 1975 ut
1144 1913 1224 1977 nihil

166 2019 312 2106 differat,
344 2031 380 2082 ut
408 2016 494 2103 quod
519 2017 752 2104 expediendum
771 2020 828 2105 sit,
859 2023 966 2106 primo
989 2042 1114 2106 quoque
1135 2036 1222 2086 tem·-

165 2151 248 2217 pore
274 2125 430 2214 expediat,
462 2139 498 2188 ut
517 2129 552 2188 in
573 2123 768 2210 expediendo
793 2126 987 2213 diligentiam
1009 2150 1141 2193 omnem
1164 2155 1222 2195 ex-

163 2235 291 2322 hibeat,
323 2235 386 2300 hoc
412 2237 553 2323 profecto
579 2236 685 2300 nullus
711 2257 779 2300 non
807 2239 947 2319 positum
975 2236 1069 2301 habet
1097 2242 1132 2303 in
1161 2262 1219 2304 sua

163 2344 343 2414 voluntate.
393 2345 489 2407 Hanc
515 2348 626 2430 igitur,
660 2365 741 2429 quae
768 2345 803 2408 in
822 2342 1042 2409 Burckhardto
1074 2351 1219 2436 eminuit,

162 2455 320 2524 virtutem
339 2451 453 2520 habeat
470 2452 530 2519 sibi
548 2455 762 2539 unusquisque
782 2452 1048 2522 commendatam.
