2776 5124
412 481 415 487 ,
441 414 642 505 En1r0n1s
681 417 933 484 Pnurrurio.
962 451 963 454 ¹
1172 429 1213 488 23

248 578 373 648 Scilicet
390 581 506 647 nolunt
525 583 669 670 repulsae
695 583 874 669 periculum
901 581 1022 670 subire,
1050 604 1093 649 ne
1121 585 1213 675 forte,

168 701 191 763 si
210 719 328 761 munus
346 696 401 760 alii
421 693 622 760 offerendum
643 704 732 778 esset,
750 695 858 757 minus
868 704 993 777 gratum
1008 705 1039 756 et
1050 708 1214 780 acceptum

168 804 340 870 haberetur.
382 803 494 897 Quare
514 827 553 868 ex
574 801 767 869 Curatorum
793 802 880 885 jussu
904 804 1030 885 rogavit
1054 824 1108 866 me
1126 798 1213 868 idem

167 915 393 1001 Hnrnucnrns,
410 909 530 982 vellem
549 917 675 999 privato
694 932 770 974 meo
790 915 923 974 nomine
943 915 1043 976 animi
1062 912 1126 975 Tui
1137 935 1213 976 sen-

166 1028 296 1087 tentiam
327 1023 509 1109 explorare3
543 1021 629 1108 quod
655 1017 832 1110 officium*
845 1035 1040 1108 pronostra
1064 1028 1212 1110 amicitia,

167 1132 277 1205 lubens
294 1135 330 1195 in
349 1153 404 1194 me
422 1126 560 1216 suscepi
597 1132 599 1159 ²

247 1238 464 1326 §ouditiones
485 1261 561 1332 quas
572 1237 649 1304 Tibi
667 1241 892 1330 proponendas
911 1244 1028 1330 accepi,
1048 1240 1108 1305 bae
1120 1253 1211 1306 sunt:

166 1349 377 1429 honorarium
409 1372 554 1413 annuum
577 1345 637 1415 erit
656 1353 704 1415 tis
728 1350 817 1414 mille
840 1359 872 1410 et
900 1350 1211 1440 quadringentorum

163 1452 383 1538 florenornmf,
408 1478 477 1548 pro¹
489 1459 645 1544 sumtibus
664 1463 784 1525 itineris
800 1472 831 1523 et
849 1458 1007 1522 librorum
1034 1470 1127 1541 atque
1155 1478 1212 1555 su-

165 1563 366 1650 pellectilinm
377 1566 679 1655 transferendorum,
700 1566 789 1630 mille
802 1565 917 1632 floreui
930 1563 1103 1631 solventur.
1142 1563 1212 1628 Ac-

165 1671 276 1752 cedent
293 1673 511 1760 emolumenta
529 1673 569 1737 ad
589 1674 730 1761 singulos
744 1675 934 1760 professores
944 1667 1119 1757 redeuntia,
1138 1694 1213 1734 cum

165 1781 311 1869 aliunde,
347 1794 419 1868 tum
452 1787 638 1869 praesertim
671 1807 710 1850 ex
731 1785 917 1859 ,Doctorum
949 1781 1214 1869 promotionibus.

164 1889 311 1976 Denique
328 1891 499 1978 honorapia
519 1892 668 1968 accedent
688 1892 728 1956 ab
748 1891 942 1978 auditoribus
967 1889 1114 1981 studiosis
1137 1912 1215 1976 per-

165 1999 333 2086 solvenda,
362 2022 453 2090 quae,
480 2004 507 2076 si
525 2000 608 2069 bene
625 2007 772 2090 memmi,
791 2025 857 2068 esse
877 2001 1029 2087 solebant,
1057 2021 1132 2063 cum
1152 2020 1213 2086 ego

164 2109 312 2199 Lugduni
330 2132 485 2199 parserat,
504 2133 565 2198 pro
585 2113 716 2201 singulis
734 2112 925 2198 collegiis,ut
939 2123 1069 2195 vocant,
1088 2113 1216 2194 triginta

163 2219 370 2289 florenorum.
410 2220 567 2287 Florenos
586 2221 740 2310 intelligas
751 2200 906 2306 Belgicus,
927 2223 1215 2304 quorumpretium

165 2351 229 2394 non
249 2331 424 2403 accuratius
444 2327 575 2413 definire
593 2351 734 2420 possum,
760 2350 858 2415 quam
879 2331 905 2403 si
924 2327 1028 2390 dicam
1048 2327 1164 2410 viginti
1184 2339 1216 2390 ct

167 2458 264 2498 namn
282 2435 437 2518 florenos
471 2436 624 2525 aequales
656 2447 891 2522 essequam&
920 2437 1061 2500 nummis
1079 2513 1081 2517 ἲ
1096 2441 1216 2528 aureis,

166 2567 242 2632 quos
264 2556 381 2612 vocant
401 2549 535 2606 ducatos
555 2541 780 2621 Hollandrcos.

244 2652 324 2717 Jam
343 2652 410 2716 Tui
428 2673 477 2716 res
498 2663 544 2734 est
563 2650 701 2741 arbitrii,
727 2653 791 2740 Vir
812 2653 1002 2721 Clarissima.
1052 2655 1126 2739 Ipse
1152 2669 1216 2721 sta-

134 2752 136 2755 ’
164 2773 294 2849 tuas‚·et
312 2760 532 2847 inibiquaes0‚
552 2781 650 2846 quam
660 2752 940 2848 primunspoteris,
961 2761 1128 2850 significes,
1140 2765 1217 2848 quid

163 2870 257 2935 rebus
277 2871 338 2933 tuis
357 2873 496 2951 maxime
517 2875 697 2944 conveniat.
736 2869 772 2934 Si
791 2871 941 2956 placeant·
951 2871 1157 2958 conditiones,
1175 2895 1218 2938 ue

164 2978 286 3042 dubites
311 2976 542 3063 professionem
563 2977 639 3040 Tibi
665 2999 743 3044 mox
771 2978 1005 3053 decernendam
1035 3002 1112 3066 esse,
1132 2980 1219 3045 litte-

164 3109 277 3173 rasque
295 3090 441 3171 ipsorum
461 3083 655 3149 Curatorum
673 3090 806 3163 nomine
824 3091 953 3174 scriptas
969 3087 1018 3150 Te
1038 3091 1107 3162 sine
1125 3109 1220 3153 mora

163 3209 378 3282 accepturum.
429 3192 555 3284 Quodsi
574 3199 777 3262 vocationem
797 3208 959 3274 secuturus
984 3199 1026 3258 sis
1033 3242 1044 3281 5
1074 3195 1168 3281 quod¹
1188 3211 1220 3262 et

162 3328 258 3393 spero
280 3318 310 3368 et
330 3307 433 3391 cupio,
453 3302 646 3367 Academiae
663 3302 869 3389 Lugdunensi
889 3315 921 3366 et
935 3301 1128 3385 literaturae
1141 3300 1220 3367 Ori-

163 3415 272 3500 entali,
293 3434 392 3499 quam
410 3426 577 3497 utramque
597 3424 766 3488 ornaturus
785 3435 829 3498 es,
849 3435 887 3488 ex
905 3416 1015 3477 animo
1027 3409 1219 3498 gratulabor.

249 3521 401 3588 Ceterum
420 3533 493 3586 utor
512 3520 572 3584 hac
590 3510 766 3609 occasione,
786 3535 822 3587 nt
840 3521 915 3588 Tibi
933 3519 1121 3608 significem,
1142 3541 1220 3607 par-

165 3643 233 3695 tem
254 3628 507 3697 Proverbiorum
527 3628 694 3717 Meidanii,
720 3612 1050 3716 quamSchulteusius
1072 3628 1218 3693 elabora-

165 3753 233 3808 tam
257 3739 398 3827 reliquit,
429 3759 517 3804 nunc
542 3737 673 3822 tandem
699 3750 772 3824 post
796 3737 907 3825 longas
931 3752 962 3803 et
988 3738 1098 3824 plenas
1126 3735 1222 3800 taedii

167 3869 285 3933 moras,
304 3847 371 3912 fere
388 3860 490 3914 totam
510 3851 595 3934 typis
615 3846 803 3932 descriptam
823 3870 890 3912 esse
909 3861 940 3912 et
958 3848 1051 3914 brevi
1070 3846 1220 3914 inlucem

167 3954 378 4045 prodituram.
417 3958 553 4022 Utinam
573 3955 625 4020 ilie
646 3968 752 4021 totum
772 3978 851 4042 opus
879 3955 1043 4024 absolvere
1059 3959 1209 4040 potuisset
1284 4012 1286 4014 .
