2776 5124
187 413 226 479 9⁸
493 402 551 481 ,Da
570 401 728 484 Joaauua
750 403 911 486 Burrum,

184 567 377 670 ,‚captivl.“'
403 567 479 634 Alio
499 568 571 633 loco
595 566 686 656 (pag.
703 567 768 652 14.)
792 565 960 654 professus}
975 579 1038 636 est:
1066 567 1240 656 »ὤρεγε-

184 703 257 777 „tor
288 695 370 749 certe
400 684 539 767 optimus
567 682 621 746 vir
648 689 696 742 est
724 688 756 741 et
783 679 929 762 princeps
958 674 1239 764 clementissimus,

182 795 291 884 „quod
312 791 530 858 testimonium
550 785 590 850 ah
612 786 760 850 omnihus
780 783 873 848 honis
892 785 971 850 viris
991 780 1117 848 habet.“

265 901 328 969 Sed
355 894 492 964 recitabo
518 900 643 980 etiam,··
659 916 739 980 quae
763 904 905 979 spectant
931 892 972 955 ad
991 892 1161 958 Brentium
1180 897 1235 983 ip-

181 1034 264 1079 sum.
306 1011 386 1095 Ipsis
405 1008 518 1093 primis
537 1001 755 1089 litteris·(pag.
777 1000 820 1085 l.)
839 1001 917 1064 haec
938 1005 1075 1089 scripsit:

154 1115 157 1119 ’
251 1117 418 1206 „Advenit
429 1113 491 1178 huc
506 1110 660 1176 Cochleus
668 1158 679 1198 ,
699 1110 798 1174 homo
812 1108 965 1194 stupidus,
984 1110 1041 1175 sed
1052 1123 1162 1176 tamen
1177 1115 1232 1200 qui

178 1251 234 1316 „se
261 1224 353 1292 nohis
379 1225 558 1288 humanum
574 1219 716 1307 praebet.
752 1210 870 1304 ¹Nuper
895 1221 1019 1305 scripsit
1043 1219 1084 1283 ad
1103 1219 1231 1307 Philip-

165 1356 279 1425 ·„pum
299 1330 544 1419 (Melanchth.),
566 1352 605 1395 {se
624 1350 739 1416 cupere
755 1347 833 1388 cum
854 1348 892 1390 eo
915 1327 1071 1417 colloqui,
1097 1328 1157 1394 sed
1175 1352 1229 1395 re-

176 1449 294 1532 „motis
318 1442 512 1530 preshyteris
532 1439 697 1504 timoratis.
743 1435 910 1522 Philippus
935 1441 1031 1524 igitur
1049 1461 1102 1502 me
1124 1441 1228 1503 comi-

173 1568 262 1641 „tem
284 1550 477 1636 assumebat,
502 1547 653 1612 'nondum
676 1558 857 1608 uxoratum.
905 1545 987 1610 Ecce
1011 1550 1048 1610 in
1075 1538 1228 1632 quantam
1274 1592 1276 1596 ,

172 1663 374 1752 „felicitatem
401 1659 482 1722 mihi
510 1656 635 1720 cesserit
661 1676 751 1718 meus
773 1652 966 1741 coelibatus,
996 1653 1085 1739 quod
1104 1654 1228 1723 licuerit

171 1792 268 1858 „cum
291 1766 427 1831 Coclileo
446 1765 596 1849 colloqui.
642 1760 707 1826 Sed
731 1771 858 1847 tamen,
884 1783 959 1827 cum
979 1761 1149 1829 hominem
1169 1789 1226 1831 ac-

169 1881 402 1965 „cessissemus,
436 1877 478 1937 ita
504 1883 707 1935 mansuetum
736 1868 933 1934 reddidimus
957 1883 1054 1957 atque
1078 1873 1227 1959 placavi-

170 2007 263 2072 „mus
270 2031 281 2072 ,
304 1996 342 2047 ut
357 2003 446 2047 nunc
470 1979 690 2047 indifferenter
708 1977 916 2069 'presbyteros
940 1984 1226 2055 uxoratos'salutet

169 2107 222 2182 „et
241 2093 421 2156 humaniter
442 2083 671 2175 colloqttatur.“

169 2254 171 2259 .
254 2197 462 2261 Aliis-litteris
480 2202 523 2260 ita
536 2197 605 2261 ,fere
619 2194 740 2281 'jocatus
754 2208 816 2260 est:
844 2193 933 2283 (pag.
949 2196 1004 2281 12)
1035 2200 1113 2286 „De
1125 2223 1225 2267 uxore

145 2363 149 2373 .
169 2301 452 2395 „ducendarum
475 2302 569 2388 plane
589 2303 699 2368 nullus
725 2303 851 2369 relictus
873 2319 920 2368 est
940 2307 1100 2391 cogitandi
1126 2309 1224 2375 locus.

167 2412 306 2503 „livere
333 2414 390 2478 vix
416 2410 504 2497 licet,
537 2425 569 2477 et
595 2413 635 2476 de
661 2410 756 2476 rebus
774 2416 894 2477 uxoriis
918 2419 1062 2499 cogitare
1080 2415 1222 2484 liberet?

165 2520 264 2608 „Huc
283 2517 415 2604 accedit,
440 2518 543 2605 quod,
560 2541 640 2585 «curn
657 2544 721 2608 ¹ego
743 2545 818 2585 cum
836 2522 987 2610 Philippo
1002 2546 1111 2609 nuper
1131 2527 1223 2614 lega-

163 2634 274 2716 „tione
300 2627 505 2712 fungeremur
533 2628 577 2692 ad
602 2628 809 2695 Cardinalem
832 2632 1041 2723 Romanum,
1074 2635 1222 2724 Campe-

162 2741 290 2824 „gium,
311 2747 343 2799 et
360 2739 387 2799 is
407 2738 646 2821 interrogasset,
668 2760 749 2803 num
766 2755 917 2807 uxoratus
936 2749 1061 2820 essem?
1089 2766 1217 2831 negan-

162 2857 251 2932 „tem
270 2866 325 2908 me
340 2844 593 2932 perhumaniter,
617 2859 654 2910 ut
666 2848 771 2913 solent
784 2850 873 2939 Itali,
894 2851 1098 2920 collaudavit
1139 2854 1220 2920 Exi-

162 2957 310 3038 „stimas,
339 2975 393 3017 mc
415 2952 600 3038 hujusmodi
624 2955 770 3022 laudihus
787 2981 858 3024 non
879 2955 1046 3025 titillaril“
1096 2959 1143 3025 At
1163 2962 1218 3026 ille

162 3081 230 3125 non
250 3063 384 3145 perstitit
402 3063 437 3123 in
455 3060 620 3127 Coelihatu
637 3064 700 3129 sihi
719 3080 786 3130 tam
806 3065 995 3133 honorifico.
1035 3069 1105 3133 Vix
1127 3074 1217 3134 enim

162 3166 346 3233 oComitiis
373 3167 507 3232 domum
532 3191 693 3260 reversus,
723 3179 966 3240 matrimonium
987 3179 1075 3262 iniit,
1108 3177 1217 3242 duxit-

160 3298 222 3361 que
236 3274 491 3363 margaretham,
513 3277 645 3366 Caspari
664 3280 810 3349 Graeteri
829 3284 976 3349 Halensis
996 3282 1107 3349 filiam.
1150 3283 1215 3349 Su·

159 3389 304 3471 perstites.
321 3383 457 3449 hahebat
476 3391 543 3473 lpse
562 3401 632 3453 tum
645 3406 791 3478 parentes
812 3393 879 3478 24).
921 3393 1021 3458 Anno
1042 3396 1117 3457 1531
1135 3393 1212 3456 Do-

157 3491 278 3565 minich
297 3491 488 3581 Trinitatis,
509 3501 631 3584 scripsit
650 3498 691 3563 ad
712 3505 870 3566 amicum:
905 3501 1048 3587 Expecto
1068 3500 1210 3586 quotidie

103 3672 107 3681 ¹
158 3620 179 3663 a
192 3613 282 3685 patre
301 3622 374 3664 meo
395 3600 526 3691 litteras,
547 3606 659 3691 quibus
676 3630 731 3673 me
750 3609 791 3672 ad
810 3614 947 3695 patriam
968 3607 1111 3692 vocabit,
1132 3630 1207 3671 cum

155 3710 227 3795 ipso
246 3713 373 3794 negotia
392 3711 564 3798 quaedam,
584 3713 625 3777 ad
644 3719 901 3788 conservandum
921 3717 1060 3782 familiae
1078 3729 1206 3782 nostrae

76 3978 90 3999 ··
171 3938 235 4011 ot)
252 3938 417 4011 Arvandi
436 3941 493 3997 mi
510 3958 576 4013 aas·
594 3939 656 4005 abs
