2776 5124
169 464 211 529 78
502 455 556 519 Dr
575 454 733 521 Mirumst
752 451 895 538 Lirem,

168 618 336 694 Wenn's
361 619 431 686 der
455 618 559 687 Adel
586 619 696 686 nicht
721 619 821 685 thun
848 618 955 707 will,
986 639 1028 684 ro
1053 619 1154 686 muse
1179 644 1222 688 es

167 734 237 799 der
256 729 477 798 Schreiber
497 728 593 794 oder
613 728 726 794 Pfaff
741 729 852 795 thun.
892 729 1024 815 Equites
1044 751 1104 814 ego
1126 730 1223 795 facile

166 865 298 932 possum
317 841 430 926 facere,
450 838 506 904 sed
525 841 613 905 viros
632 837 764 900 idoneos
781 837 822 901 ad
838 835 1103 922 gubernationem
1115 851 1148 901 et
1168 850 1226 902 to-

165 953 301 1017 lerantes
321 948 470 1012 laborum
480 946 521 1009 'et
539 968 677 1010 onerum
697 948 826 1031 imperii
842 968 909 1010 non
924 968 1056 1032 possum
1078 944 1224 1017 creare“.

165 1101 210 1116 -
236 1061 300 1126 Sed
326 1063 423 1123 etiam
444 1055 561 1122 Carolo
590 1079 667 1121 mox
692 1054 791 1121 fidem
819 1078 909 1120 suam
937 1071 1031 1142 atque
1054 1060 1224 1144 ingenium

163 1169 315 1258 probavit
338 1168 489 1253 Longius.
537 1166 666 1230 Etenim
693 1171 729 1231 in
750 1169 885 1230 comitiis
904 1166 1223 1235 Francolurtensibus

165 1278 312 1367 eligendo
337 1279 523 1362 imperatori
550 1275 663 1340 habitis
684 1280 752 1362 ipse
771 1275 881 1340 litteris
902 1275 1097 1340 solemnibus
1116 1298 1137 1339 a
1154 1274 1225 1342 Ca-

164 1389 246 1456 rolo¹
270 1389 412 1450 munitus
442 1387 593 1470 principis
622 1389 657 1450 in
683 1385 840 1472 Hispania
869 1386 1005 1450 absentis
1031 1390 1224 1471 petitionem

164 1498 391 1584 imperatoriae
417 1493 574 1580 dignitatis
595 1498 756 1582 sustinuit,
786 1517 822 1558 ac
843 1498 1033 1563 universum
1053 1499 1223 1579 negotium

167 1628 237 1670 non
259 1607 323 1690 egit
337 1601 450 1688 modo,
466 1600 522 1666 sed
537 1614 569 1664 et
584 1607 706 1689 peregit
718 1602 906 1669 felicissime.
950 1600 1126 1692 Quumque
1140 1623 1224 1688 pro-

164 1718 254 1781 ximo
283 1734 368 1777 anno
389 1711 524 1778 Carolus
552 1735 591 1775 ex
610 1711 768 1798 Hispania
795 1716 830 1775 in
852 1711 1003 1797 Belgium
1030 1711 1223 1797 appelleret,

164 1835 328 1909 exceptus,
356 1835 450 1906 atque
472 1819 728 1908 Aquisgranum,
756 1819 813 1883 ubi
832 1821 960 1884 ordines
980 1823 1110 1905 imperii
1137 1842 1222 1884 con-

164 1944 334 2016 venerant,
355 1928 505 1993 deductus
526 1941 572 1992 est
591 1949 611 1990 a
628 1927 766 2017 Langio,
787 1933 843 2015 qui
864 1951 932 1993 non
953 1929 1096 1992 interfuit
1119 1906 1222 1994 modo

152 2041 200 2105 'in
227 2042 441 2128 augurationis
468 2037 737 2125 solemnitatibus,
765 2038 821 2103 sed
850 2051 880 2101 et
910 2041 992 2104 novi
1019 2040 1222 2124 imperatoris

163 2153 299 2233 nomme
328 2145 491 2211 ordinibus
515 2145 686 2210 decollata
712 2151 803 2213 inse
825 2169 952 2214 summa
970 2157 1125 2232 potestate
1146 2169 1223 2235 gra-

162 2263 223 2324 tias
235 2236 399 2344 persolvit.
417 2256 544 2320 Interea
557 2255 1105 2343 defunctoLeonardoSalisburgensi
1113 2255 1223 2321 archi·

163 2371 334 2454 episcop0,
357 2369 442 2428 inter
463 2386 607 2430 summos
626 2367 753 2451 imperii
777 2365 904 2430 ordines
920 2367 987 2451 ipse
1008 2387 1095 2430 nunc
1109 2365 1221 2430 locum

164 2477 334 2560 occupavit
344 2470 538 2559 Matthaeus,
557 2471 835 2559 frequentibusque
851 2472 967 2537 abhinc
986 2475 1122 2538 comitiis
1134 2473 1220 2538 haud

164 2586 283 2646 otiosus
315 2592 472 2666 spectator
501 2581 652 2644 interfuit.
696 2580 738 2644 In
766 2580 1066 2649 Wormatiensibus
1097 2603 1219 2669 eorum,

165 2713 247 2778 quae
274 2703 385 2754 contra
403 2686 582 2753 Lutherum
601 2675 668 2753 aeta
688 2701 778 2772 sunt,
813 2693 882 2777 ipse
902 2689 989 2754 haud
1009 2689 1105 2755 dubie
1125 2712 1220 2778 prae·

162 2806 274 2886 eipuus
304 2797 489 2862 administer
516 2795 589 2864 fuit:
625 2803 800 2862 eratenim
826 2805 861 2863 in
880 2800 1114 2886 propugnanda
1139 2807 1218 2869 avi·

162 2921 214 2974 tae
234 2907 395 2995 religionis
413 2906 552 2971 formula
573 2905 827 2994 diligentissimus
854 2913 1106 2995 acerrimusque:
1136 2932 1220 2998 qua-

161 3030 295 3106 propter
325 3012 547 3080 'et-ioannem
568 3013 776 3106 Staupitium,
801 3017 1071 3104 Augustinensem
1097 3021 1216 3107 primo,

163 3139 197 3191 et
216 3125 350 3191 Lutheri
372 3129 516 3211 priorem
536 3127 779 3215 provincialem,
800 3124 836 3191 ut
857 3125 1032 3192 aLutbero
1048 3142 1215 3218 averteret,

162 3238 271 3323 primo
301 3233 362 3299 sibi
390 3231 533 3319 adjunxit
557 3238 760 3319 privatorum
785 3261 951 3304 sacrorum
978 3239 1216 3331 administrum,

163 3341 280 3408 deinde
299 3344 415 3427 etiam,
441 3345 610 3428 impetrata
629 3347 690 3430 ipsi
710 3368 729 3409 a
748 3338 899 3433 pontifice
919 3352 1013 3415 venia
1030 3351 1214 3416 transeundi

165 3451 207 3515 ad
217 3450 499 3516 Benedictinorum
514 3449 699 3536 formulam,
715 3460 908 3520 monasterio
921 3455 951 3522 S.
961 3456 1049 3520 Petri
1055 3454 1215 3524 Salisbur-

168 3564 259 3651 gensi
278 3558 438 3624 Abbatem
459 3563 637 3647 constituit,
657 3562 719 3625 alio
738 3561 862 3628 Abbate
883 3575 1093 3630 exauctorato.

148 3734 152 3749 Ι
250 3670 382 3737 Mortuo
402 3668 570 3734 Hadriano
591 3669 742 3756 pontifice
759 3695 865 3738 sermo
886 3686 954 3738 erat
972 3677 1068 3737 etiam
1087 3675 1123 3736 in
1143 3672 1218 3757 ipsis

166 3775 303 3841 comitiis
324 3775 662 3866 Norimbergensibus,
696 3779 781 3869 fore,
809 3796 846 3847 ut
862 3782 1006 3849 Caesaris
1036 3785 1220 3847 auctoritate

138 3924 140 3928 Α
166 3887 285 3950 iterum
313 3883 495 3951 Germanus
526 3886 637 3972 aliquis
664 3887 706 3952 ad
732 3890 953 3977 pontificatum
981 3889 1154 3959 evehatur:
1188 3899 1219 3954 et

167 3996 225 4082 qui
252 4015 335 4062 unus
364 3995 415 4061 ad'
436 4014 603 4061 summum
633 3994 696 4063 hoe
726 4019 837 4067 rerum
872 3999 1061 4068 mortalium
1092 3995 1221 4066 cumen
