2776 5124
260 422 322 496 ψ
345 443 348 449 ·
458 410 524 477 Oa.
537 433 573 476 nt
590 419 713 476 ostrou'
726 410 866 488 Canon,
889 409 1109 500 Musaeum,

259 595 310 648 tus
331 591 363 646 et
382 590 563 667 persuasus,
592 581 688 642 etiam
708 587 818 642 nostro
837 576 895 644 sub
916 576 1005 641 coelo
1026 577 1153 663 ingenia
1174 589 1207 642 et
1225 580 1317 668 gigni

260 715 368 784 posse,
393 682 426 755 cl
442 687 483 752 ad
501 687 662 774 praeclara
682 691 812 773 quaevis
831 684 1005 752 efformari.
1045 683 1317 757 Honestissimam

261 821 388 892 quoque
415 797 614 886 voluptatem
641 795 774 860 ducebat
802 817 842 860 ex
870 815 907 859 ea
933 795 1137 880 cogitatione,
1169 797 1262 882 quod
1287 808 1319 863 et

259 914 344 998 ipse,
372 928 411 971 ex
431 926 494 992 quo
514 902 745 989 rempublicam
765 901 1011 989 administraret,
1032 906 1067 965 in
1087 901 1319 971 Wirtember-

260 1023 312 1107 gia
340 1037 396 1082 sua
422 1015 544 1078 auxerit
568 1011 683 1097 studia,
713 1009 933 1094 culturamque
958 1013 1153 1094 optimarum
1174 1010 1319 1099 discipli-

260 1147 378 1194 narum
398 1134 430 1188 et
449 1123 583 1206 artium,
604 1132 636 1184 et
655 1119 817 1183 doctrinae
836 1116 1026 1204 elegantiam
1044 1129 1139 1204 atque
1158 1118 1320 1184 eruditio-

260 1258 347 1301 nem.
396 1230 509 1315 Itaque
535 1224 670 1291 miritice
697 1224 866 1290 delectatus
890 1238 952 1312 est,
981 1230 1229 1314 quotiescunque
1256 1231 1320 1315 ipsi

260 1367 337 1409 cum
361 1341 492 1417 exteris,
526 1335 710 1400 eruditionis
734 1335 821 1398 fama
841 1334 950 1421 claris,
982 1356 1168 1401 sermonem
1186 1335 1320 1402 habenti

247 1450 481 1540 ¹opportunitas
501 1442 692 1532 obtingeret,
714 1456 769 1507 aut
788 1443 1066 1508 commemorandi
1084 1445 1225 1532 aliquem
1239 1465 1319 1509 suo-

261 1582 336 1625 rum
355 1559 490 1641 civium,
513 1565 567 1617 aut
585 1552 626 1616 de
636 1552 693 1619 W
693 1550 992 1638 irtembergensibus
1012 1552 1067 1618 vel
1085 1555 1245 1620 universis
1264 1553 1320 1619 vel

260 1666 392 1753 siugulis
422 1660 597 1727 honorifice
624 1673 813 1726 statuentem
841 1661 979 1745 ahquem
1004 1659 1178 1724 audiendi·
1213 1657 1320 1750 Quod

259 1780 328 1862 ipse
348 1776 510 1860 privatam
534 1769 595 1836 sibi
616 1772 651 1833 iu
672 1766 947 1834 Hohenheimeusi
967 1789 1026 1831 suo
1046 1766 1177 1854 praedio
1196 1765 1319 1831 biblio-

223 1958 225 1963 4
260 1882 387 1945 thecam
407 1877 574 1964 conderet,
594 1898 674 1964 quae
690 1881 799 1940 omnia
819 1875 1095 1961 complecteretur,
1116 1888 1320 1962 quae-essent

260 1988 337 2056 inde
363 2008 383 2050 a
402 1999 549 2074 tempore
574 1997 733 2072 susceptae
761 2007 781 2048 a
801 2006 835 2051 ae
854 2006 1000 2052 summae
1025 1986 1186 2071 potestatis
1208 1986 1245 2048 in
1265 1984 1319 2046 lu-

261 2116 334 2161 cem
359 2094 442 2160 edita
468 2117 488 2158 a
507 2092 876 2182 Wirtembergensibus,
908 2096 1042 2157 omuino
1070 2104 1102 2156 et
1125 2097 1235 2178 ipsum
1250 2090 1319 2180 de·

260 2215 418 2268 monstrat
443 2201 530 2268 haud
556 2203 703 2292 obscure,
737 2224 845 2268 caram
872 2213 904 2265 et
931 2198 1106 2287 jucundam
1134 2199 1197 2265 sibi
1223 2198 1320 2264 fuisse

260 2316 397 2398 patriam
416 2314 600 2400 patriaeque
615 2313 736 2378 famam
752 2322 850 2401 atque*
862 2313 1139 2376 existimationem.

345 2417 506 2507 Quamvis
535 2425 603 2506 ipse
632 2422 741 2489 studiis
770 2443 838 2489 non
869 2432 949 2486 esset
978 2418 1119 2504 legitime
1147 2418 1320 2485 menuctus

261 2539 356 2613 atque
377 2525 530 2613 excultus,
552 2548 612 2591 nec
631 2533 700 2614 ipse
720 2529 888 2594 doctrinae
907 2527 1028 2592 famam
1043 2547 1244 2613 magnopere
1260 2549 1319 2593 ex-

261 2645 397 2720 peteret,
429 2632 607 2699 litterarum
635 2638 775 2702 culturae
803 2653 911 2704 tamen
937 2638 1078 2723 pretium
1105 2639 1212 2703 statut
1239 2657 1318 2722 per-

262 2744 436 2828 m‘agnum,
457 2764 631 2831 earumque
652 2749 802 2812 antistites
816 2751 962 2816 tractavit
976 2743 1161 2809 honorifice.
1202 2743 1318 2836 Quam

260 2847 344 2915 bene
364 2864 472 2914 autem
486 2851 596 2918 litteris
610 2854 723 2943 vellet,
755 2856 898 2943 loquitur
914 2868 946 2922 et
961 2853 1098 2918 declarat
1112 2850 1318 2930 bibliotheca,

262 2978 360 3042 quam
378 2963 446 3044 ipse
465 2962 586 3045 primus
605 2964 807 3046 instauravit,
835 2976 929 3053 atque
950 2962 1131 3046 immensis,
1159 2978 1229 3023 non
1251 2978 1317 3043 pu·

261 3063 362 3150 blicis,
381 3065 438 3130 sed
450 3071 540 3155 suis,
559 3071 714 3137 sumtibus
734 3094 802 3138 non
823 3071 922 3136 modo
943 3070 1219 3134 instructissimam
1240 3063 1318 3129 retl-

264 3173 358 3260 didit,
378 3175 433 3241 scd
454 3189 486 3240 et
506 3179 714 3266 singularibus
735 3180 924 3267 qulbusdam
944 3176 1069 3242 dotibus
1087 3196 1164 3262 prae
1184 3173 1318 3261 reliquis

262 3281 413 3346 omuibus
443 3265 656 3373 conspicuam.
708 3288 761 3354 Ac
790 3293 817 3353 si
847 3311 903 3353 suo
930 3290 1032 3372 magis
1060 3282 1182 3368 studio,
1214 3302 1316 3368 quam

262 3390 330 3456 aliis
350 3394 524 3461 rationibus
546 3394 767 3483 obtemperare
783 3396 935 3483 licuIsset,
965 3393 1099 3459 eandem
1118 3411 1219 3478 porro
1240 3411 1316 3455 ma-

263 3497 528 3586 gnificentissimis
550 3519 690 3570 ornasset
709 3504 946 3570 accessionibus.
985 3502 1116 3566 Etenim
1134 3520 1204 3564 non
1223 3498 1317 3566 mul-

262 3611 302 3671 tis
321 3607 437 3671 abhinc
457 3615 548 3683 anuis
568 3616 649 3676 serio
669 3612 703 3676 id
723 3617 869 3699 agitavit,
889 3633 962 3676 meo
984 3610 1196 3697 qualicunque
1211 3611 1316 3673 mini-

263 3720 356 3778 sterio
378 3738 468 3804 usus,
495 3732 531 3782 ut
551 3722 760 3807 immensam,
789 3741 885 3806 quam
907 3698 1128 3783 celeberrimus
1147 3715 1202 3780 De
1218 3715 1317 3782 Rosci

189 3832 192 3836 '
263 3822 404 3910 undique
426 3833 633 3913 conquisitam
654 3828 760 3915 habet,
786 3827 990 3895 voluminum
1009 3838 1157 3908 veterum
1176 3821 1317 3889 biblico-

262 3947 339 3994 rum
358 3936 583 4020 supellectilem
604 3957 694 4000 suam
713 3937 844 4021 iaceret,
866 3937 899 4000 id
920 3949 966 4001 est
981 3933 1316 4022 Wirtembergicam5
