2776 5124
474 438 787 526 ornatissimo,
808 458 914 505 sunno.
1156 444 1217 506 258

167 614 241 693 rae,
262 628 395 693 corpore
416 604 539 672 validus
560 628 597 670 ae
617 604 777 687 robustus,
801 605 990 692 paucissimo
1009 618 1104 693 atque
1123 605 1214 673 vilis-

165 719 250 781 simo
273 719 360 780 victu
382 725 546 778 contentus
563 727 595 778 et
612 719 734 779 mirum
754 716 790 779 in
810 712 945 777 modum
963 713 1097 779 sobrius.
1138 711 1216 779 Erat

164 829 320 912 propositi
343 837 452 909 tenax,
479 822 581 888 laudis
604 822 751 910 cupidus,
783 842 860 908 erga
882 821 960 886 alios
980 822 1151 910 officiosus,
1180 829 1215 888 in

163 933 324 998 laudando
355 931 492 996 liberalis
525 927 565 996 ad
597 937 840 997 assentationem
874 951 984 1017 usque.
1039 929 1216 996 Neminem

165 1065 226 1129 ego
253 1041 383 1128 quidem
409 1064 551 1127 unquam
577 1042 660 1122 vidi,
695 1045 750 1128 qui
770 1049 850 1104 esset
865 1041 900 1103 in
921 1039 1135 1126 comparando
1156 1038 1215 1104 sibi

166 1151 253 1214 aditu
280 1153 490 1237 ingeniosior,
519 1154 553 1215 in
577 1145 800 1214 contrahendis
818 1147 1078 1212 familiaritatibus
1099 1168 1216 1233 prom·

164 1261 244 1343 tior,
264 1260 442 1346 neminem,
463 1263 519 1347 qui
541 1271 621 1323 esset
639 1277 739 1345 aeque
762 1277 800 1320 ae
819 1256 873 1320 ille
895 1259 1053 1337 curiosus;
1080 1275 1157 1319 nam
1179 1260 1219 1329 in¹

166 1363 400 1454 quaestionibus
416 1365 571 1452 'faciendis
595 1364 752 1453 rebusque
773 1363 921 1429 omnibus
945 1363 1130 1451 indagandis
1149 1376 1215 1427 erat

165 1473 338 1539 indefessus
365 1495 401 1537 ac
425 1476 521 1560 plane
543 1473 738 1539 insatiabilis.
768 1468 896 1559 *Neque
921 1485 1030 1536 tamen
1055 1471 1160 1535 solum
1179 1473 1214 1533 in

166 1584 315 1650 discendo
341 1581 454 1651 avidus
479 1595 560 1670 erat,
575 1581 645 1649 ”sed
667 1595 699 1647 et
718 1580 831 1646 inillis
857 1577 966 1668 rebus,
995 1601 1072 1666 quas
1092 1580 1215 1647 viderat

165 1693 387 1779 didiceratque,
407 1707 489 1780 apte,
510 1692 674 1760 evidenter
693 1690 915 1774 describendis,
936 1705 1030 1777 atque
1043 1674 1085 1754 ob
1105 1691 1213 1753 oculos

165 1806 255 1888 quasi
272 1801 429 1888 ponendis
449 1801 625 1871 admodum
644 1802 733 1890 felix,
760 1799 846 1888 quod
866 1804 1050 1886 quisque-in
1071 1797 1211 1885 legendis

164 1911 249 1975 illius
269 1907 425 1997 epistolis,
449 1911 485 1974 in
504 1909 608 1974 lucem
626 1908 787 1997 publicam
807 1908 912 1994 editis,
938 1930 1004 1972 non
1024 1918 1126 1992 potest
1145 1929 1213 1971 non

166 2023 401 2106 persentiscere.
436 2013 523 2082 Talis
539 2021 633 2106 igitur
649 2036 724 2082 eum
741 2016 835 2082 fuerit
845 2015 1062 2102 Bjiirnstalius,
1082 2018 1214 2102 ipsi'jo·

165 2125 321 2213 dicabitis5
356 2124 457 2213 Aue,
486 2146 582 2214 quam
610 2130 718 2213 gravis
747 2128 813 2209 ejus
834 2129 961 2210 'jactura
990 2125 1146 2189 censenda
1175 2129 1214 2189 sit

163 2234 355 2297 litteraturae
381 2233 541 2320 orientali,
572 2252 731 2319 quamque
755 2237 795 2297 sit
820 2232 1010 2319 optandum,
1038 2248 1074 2296 nt
1098 2238 1153 2319 qui
1177 2239 1211 2295 in
1256 2315 1259 2321 ,

164 2342 272 2404 locum
305 2344 371 2426 ejus
399 2344 545 2405 successit
569 2340 764 2431 Norbergius
792 2341 834 2407 ad
862 2341 997 2408 eandem
1021 2340 1211 2427 explendam

163 2450 289 2513 fortuna
310 2463 414 2513 utatur
433 2455 657 2537 prosperrima.
