2776 5124
365 467 563 535 Eumenis
603 461 846 532 Parnassio.
1110 484 1130 540 3

141 590 146 615 i

86 635 159 700 data
174 634 399 720 loculamento,
418 654 478 720 pro
498 632 608 697 nativa
627 649 683 694 sua
709 632 843 696 ueritate
868 655 907 698 eo
934 642 1035 728 magis
1061 641 1132 706 eln-

85 758 219 810 cescant.
259 743 427 808 Genuinae
446 743 534 806 enim
560 739 633 802 illae
660 741 851 824 antiquitatis
876 741 1027 829 reliquiae
1054 769 1132 835 per-

84 857 244 939 stringunt
262 852 467 917 attentiorum
486 853 622 933 animos,
646 849 701 932 qui
721 851 755 910 in
775 851 878 932 ipsam
897 872 1005 916 rerum
1026 871 1131 942 gesta.

75 964 161 1025 'rum
187 963 398 1047 praesentiam
430 972 462 1022 et
475 957 687 1044 loquentium
712 955 906 1024 auditionem
931 959 1043 1026 deduci
1064 987 1132 1032 non

85 1081 218 1157 possunt
235 1091 303 1134 non
321 1090 501 1156 peramare.
1000 1139 1009 1164 l

170 1178 299 1244 Absunt
318 1179 397 1247 vero
418 1200 517 1264 quam
536 1177 721 1264 longissime
741 1199 759 1240 a
777 1177 911 1263 limpida
925 1199 962 1242 ac
974 1193 1056 1247 tersa
1069 1182 1134 1248 hu-

85 1285 136 1368 jus
154 1287 312 1352 factorum
331 1291 515 1351 scrutatoris
533 1290 675 1350 oratione
694 1285 953 1354 rhetoricationes
980 1290 1052 1354 illae
1073 1315 1136 1361 va·-

86 1418 148 1462 nae
174 1409 269 1481 atque
294 1395 480 1459 ambitiosae
507 1416 635 1481 omnes,
661 1394 773 1480 quibus
798 1398 895 1460 nimis
919 1407 1135 1485 πνευματικοὶ

88 1503 219 1609 quidam
240 1517 271 1568 et
291 1502 515 1590 elegantiores,
537 1508 564 1567 si
582 1501 646 1567 Dis
668 1503 786 1589 placet,
814 1501 953 1567 historici
981 1528 1049 1572 non
1073 1531 1134 1596 res,

38 1641 40 1645 ·
87 1632 224 1697 quarum
251 1615 435 1675 meminisse
460 1613 602 1697 juvaret,
628 1631 706 1696 quas
732 1630 812 1675 vero
839 1615 1137 1683 eruere-molestius
1229 1664 1231 1666 -

88 1720 179 1805 foret,
200 1718 256 1782 sed
275 1741 362 1812 suas,
387 1719 503 1781 scilicet
524 1717 640 1781 ideales
657 1717 881 1782 meditationes
899 1717 939 1782 de
963 1719 1074 1808 rebus,
1099 1694 1136 1786 ut

87 1825 265 1912 plurimum
285 1842 353 1890 non
373 1847 516 1911 uuquam
536 1829 581 1889 ita
600 1827 676 1892 visis
697 1847 733 1888 ac
745 1825 1046 1915 t1·aditts,fastuostus
1056 1851 1138 1914 pro-

88 1934 149 1999 fari
170 1940 329 2022 gestirent.
368 1933 469 1999 Abest
488 1933 744 2020 phantasmatum
759 1955 889 2021 pompa,
901 1932 1014 2020 quibus
1030 1949 1140 2001 osten-

89 2047 160 2109 tatis
181 2045 227 2107 illi
246 2045 357 2107 altiora
384 2047 538 2130 sapientes
564 2041 767 2106 historiarum
795 2041 927 2108 artifices
963 2066 1054 2109 suam
1081 2069 1138 2111 rc·

88 2175 173 2238 rum,
193 2165 289 2238 prout
307 2163 412 2238 gestae
432 2164 515 2233 sunt,
543 2155 738 2237 imperitiam
763 2149 985 2237 scrutandique
1007 2157 1141 2241 impati-
1188 2154 1197 2160 ’

90 2263 210 2325 entiam
229 2259 344 2323 frustra
364 2257 574 2323 dissimulant.

175 2367 250 2459 Qua
270 2368 372 2431 nimia
394 2366 534 2451 quidem,
556 2387 640 2429 cassa
661 2379 768 2430 tamen
791 2367 1020 2432 luxuriantium
1047 2352 1146 2458 inge-⁴

90 2480 222 2542 niorum
247 2475 404 2538 fertilitate
430 2474 512 2538 bene
542 2477 675 2537 omnino
709 2496 815 2538 carere
847 2480 951 2561 potuit
987 2470 1142 2564 genuinae

91 2588 336 2673 praeteritorum
355 2585 505 2668 imaginis
525 2570 691 2668 indagator
711 2587 876 2668 pictorque
902 2597 1010 2648 noster
1037 2589 1141 2650 curio-

92 2716 144 2760 sus
165 2714 264 2778 aeque
284 2713 321 2761 ac
339 2695 515 2776 perspicax.
560 2691 765 2757 Documenta
791 2707 937 2761 veterum
963 2708 1144 2779 perscruta—

92 2816 154 2887 tus,
175 2816 289 2864 eorum
311 2820 446 2866 coaevus
466 2797 579 2863 maluit
598 2799 669 2865 fieri
689 2823 787 2888 quam
808 2815 956 2869 novator.
1002 2802 1043 2865 In
1068 2802 1146 2866 hos-

94 2914 210 2996 pitium
230 2912 374 2993 ipsorum
395 2921 488 2994 atque
509 2911 681 2972 amicitiam
703 2910 879 2998 descendit,
908 2933 972 2997 quo
1000 2909 1145 2974 tetende-
1186 2917 1189 2924 '

94 3023 169 3103 rint>
190 3015 267 3102 quid
287 3019 403 3080 sentire
423 3009 585 3101 potuerint
605 3029 637 3081 et
655 3039 714 3104 pro
735 3018 868 3083 modulo
888 3023 1042 3104 temporis
1057 3021 1147 3104 cogi-

94 3139 174 3210 tare,
194 3127 336 3210 rimatus,
356 3128 511 3208 particeps
531 3123 568 3188 fit
588 3125 744 3212 laborum,
767 3148 845 3211 quos
859 3140 984 3213 urgent,
1005 3139 1036 3189 et
1048 3144 1147 3187 cona-

96 3247 199 3298 tuum.
240 3231 342 3297 Suum
363 3234 459 3295 etiam
479 3232 643 3320 judicium,
663 3245 699 3295 ut
717 3237 949 3319 pragmaticum
975 3232 1073 3318 decet,
1093 3235 1148 3295 in-

97 3348 278 3428 terponens,
298 3338 496 3404 subindicare
515 3353 625 3405 tamen
645 3340 770 3408 diversa
795 3340 920 3407 mavult
946 3361 1043 3424 quam
1066 3355 1149 3424 pro·
1220 3403 1231 3419 -.

98 3454 266 3537 nunciare,
285 3452 436 3536 magister
457 3452 542 3535 artis,
563 3471 614 3513 res
635 3455 718 3536 ipsas
738 3464 768 3514 et
790 3449 1007 3536 quaecunque
1021 3445 1149 3509 charac-

100 3561 237 3622 teristica
256 3579 296 3621 ex
315 3555 473 3644 probabili
493 3557 662 3622 traditione
682 3559 806 3622 sedulus
827 3557 946 3642 elicuit,
976 3558 1020 3618 ita
1041 3554 1151 3639 dispo-

101 3665 211 3752 nendi,
231 3678 266 3729 ut
285 3669 432 3753 imaginis
444 3669 560 3733 veritas
572 3664 729 3751 loquatur,
749 3670 816 3729 sine
837 3668 1017 3751 arrogantia
1029 3661 1152 3728 verbo-

104 3799 179 3843 rum
198 3791 229 3841 et
247 3778 448 3863 loquacitate.
489 3776 530 3839 In
550 3774 697 3839 omnibus
716 3772 750 3836 id
769 3779 913 3860 primum
930 3769 1096 3858 spectabat,
1117 3781 1151 3831 ut

105 3888 233 3951 nonnisi
253 3905 340 3969 vera,
361 3882 451 3946 etad
476 3905 617 3969 unguem
645 3895 727 3947 certe
753 3885 925 3968 perquisita
950 3888 1153 3966 proponeret,

107 3993 221 4062 deinde
247 4006 285 4059 ot
312 3992 514 4064 evidentera
540 4013 574 4056 se
601 3991 684 4061 dicta
714 3990 904 4056 desiderium
938 3987 1039 4051 bonos
1067 3990 1154 4053 viros

892 4105 906 4162 l
929 4095 947 4130 ἦ
