2776 5124
363 413 368 428 '
399 412 598 486 Eutrours
638 419 884 511 Balnearia.
1131 425 1150 485 5

97 578 225 648 aniruos
245 581 377 672 erigent,
396 605 481 672 reor,
501 597 595 671 atque
615 583 803 674 excitabunt,
823 609 904 674 quae
925 585 966 653 de
991 556 1148 655 Murrum
1259 622 1263 626 ·

96 685 240 780 Lanato,
259 691 385 758 scholae
396 698 514 760 artimn
520 693 732 781 Tubingensis
743 701 905 783 magistro,
925 695 1055 774 tandem
1068 717 1150 765 vero

96 795 248 886 Principe
264 795 299 871 'et
317 800 565 890 Archiepiscopo
582 801 822 895 salisburgensi,
843 825 924 890 quae
944 803 984 870 de
995 804 1148 870 Mercur-

96 925 158 972 οη
179 909 364 1000 Voruruo,
389 910 575 978 Graecitatis
595 933 663 977 non
683 914 790 976 minus
809 910 892 976 bene
906 933 1004 998 quam
1012 912 1146 978 Jurium

94 1013 283 1105 professore,
304 1019 344 1083 de
364 1018 426 1085 Gn.
445 1014 661 1106 Buucuanu'o,
681 1040 748 1083 non
768 1019 872 1083 famae
891 1019 1020 1105 quidem
1030 1041 1147 1086 conce-

95 1123 281 1215 lebratione,
300 1126 358 1194 sed
376 1151 506 1217 revera,
534 1125 798 1214 commendabili,
825 1125 866 1190 de
885 1126 977 1194 Varo*
991 1127 1146 1194 Mrrurrto

96 1256 134 1299 ex
154 1235 265 1320 inopia
283 1235 431 1299 famulitii
451 1235 492 1300 ad
520 1235 734 1301 academicam
762 1237 974 1303 eruditionem
1001 1237 1146 1322 eluctato,

93 1348 270 1409 memoriae
289 1359 382 1432 atque
400 1345 619 1415 aemulationis
637 1368 730 1418 caussa
748 1347 863 1433 lucido,
881 1346 1025 1434 candide,
1045 1369 1144 1419 vera*
1176 1332 1179 1338 “

94 1456 170 1517 citer
189 1467 400 1539 exponuntur·

175 1559 324 1648 Sequitur
343 1566 439 1627 etlam
459 1562 564 1626 oratio
589 1562 624 1626 ita
657 1561 827 1644 Garadum,
864 1560 1144 1650 Wae‘irtembergiae
1240 1609 1242 1613 -
1269 1587 1273 1594 ’

93 1667 219 1731 Ducem
245 1665 435 1750 honorifica.
482 1668 516 1734 ls
540 1672 696 1734 nimirum
722 1670 775 1734 hic
798 1675 866 1757 ipse
891 1673 1042 1756 princeps
1066 1685 1143 1757 erat,

93 1798 196 1863 aquo
215 1778 439 1864 ingeniorum,
460 1781 593 1866 artium,
619 1777 800 1843 litterarum
823 1783 1028 1843 incitamenta
1053 1784 1142 1865 prius

93 1885 241 1967 inaudita,
260 1875 425 1972 pulcrique
444 1898 475 1950 et
494 1885 722 1973 elegantiarum
748 1886 1005 1973 adspectabilium
1028 1889 1142 1973 studia,

93 1996 290 2092 pedantismo
308 1999 392 2062 inter
409 1979 555 2062 homines
574 2019 664 2061 mere
690 1999 843 2088 practicus
869 1994 1040 2082 glebasque
1066 2019 1142 2077 suae

59 2181 61 2190 Ι
94 2117 186 2191 atque
206 2109 298 2170 arctis
316 2103 433 2170 finibus
455 2105 594 2169 addictos
613 2107 801 2191 inveterato,
814 2102 955 2167 obsoleto
969 2125 1065 2191 nunc,
1085 2103 1141 2169 sed
1174 2110 1190 2124 “

93 2215 181 2279 facile
200 2217 386 2301 renascenti,
406 2217 563 2277 contraria
580 2237 639 2301 per
656 2227 758 2279 terras
781 2214 873 2298 istas,
885 2236 887 2241 ’
899 2211 1032 2276 dimidio
1055 2234 1142 2277 nunc

94 2309 246 2388 auctiores
274 2326 432 2408 auspicato
452 2322 599 2409 illuxisse,
618 2325 720 2388 serior
737 2334 821 2385 aetas
838 2323 921 2406 justo
939 2322 1029 2386 citius
1055 2319 1140 2383 obli-

95 2435 174 2500 VIsci
191 2443 305 2517 posset.
348 2429 445 2494 Unde
471 2429 630 2495 liberalior
655 2433 787 2517 quisque
811 2431 958 2492 transacti
987 2429 1141 2514 temporis

95 2544 276 2605 aestimator
295 2537 360 2601 hoc
376 2541 481 2624 ipsam]
500 2541 623 2626 pietatis
635 2536 910 2625 Scbnurrerianae,
925 2538 978 2600 cui
992 2547 1140 2601 etmeam

94 2645 152 2712 bac
177 2651 272 2711 inre
296 2644 467 2738 adjungere
492 2651 608 2743 ¹gestio,
634 2658 882 2710 monumentum
905 2648 959 2730 pie
984 2647 1142 2731 suscipiet,

95 2754 232 2819 dicatum
251 2755 434 2842 Musagetac
453 2754 679 2842 Illustrisaimo,
700 2758 755 2840 qui
770 2750 926 2841 pessimae
946 2751 1139 2818 educationis

56 2899 59 2922 ι
93 2862 397 2948 semina'nobilitate
415 2865 545 2951 ingenii,
565 2878 746 2928 exterorum
764 2883 866 2949 prava
885 2862 1014 2926 consilia
1032 2873 1140 2925 matu*

93 2985 233 3039 rescente
256 2971 375 3059 ,udicio
399 2985 493 3058 atque
522 2975 714 3059 experientia
727 2974 908 3057 superavit.
942 2969 1141 3037 Catholicae

93 3081 241 3146 ecclesiae
261 3081 472 3146 Germanicae
490 3080 806 3169 religiose‘addictus,
827 3081 917 3143 omni
936 3091 1047 3144 tamen
1062 3100 1141 3165 par.-

93 3192 174 3252 tium
193 3188 296 3258 studio
316 3189 480 3277 propulso,
500 3184 651 3273 utrinque
669 3209 737 3251 non
755 3190 817 3251 nisi
835 3192 995 3273 erect10ra,
1020 3182 1139 3252 burna„
1207 3172 1208 3175 ¹
1238 3215 1242 3264 2

94 3301 195 3383 niora,
213 3296 316 3383 pulcri
327 3296 498 3382 decorique
509 3308 601 3384 gustu
611 3293 874 3360 commendabilia
884 3294 1000 3360 dilexit.
1024 3360 1027 3363 a
1042 3295 1140 3362 Unde
1216 3314 1221 3321 ·

93 3407 171 3470 viris
191 3426 321 3468 morum
340 3403 513 3495 honestate,
524 3391 660 3472 'veriora
671 3403 1048 3491 investIgandi-facuitate,
1066 3426 1141 3470 me-

92 3511 183 3596 liora,
201 3510 256 3576 sed
275 3507 499 3599 circumspecte
518 3511 737 3577 introducendi
756 3511 878 3601 studio,
903 3509 986 3577 bene
1010 3525 1043 3576 et
1059 3535 1140 3600 prov

93 3617 238 3694 habiliter
265 3619 434 3706 eloquendi
460 3633 527 3685 arte
553 3622 731 3706 conspicuis
755 3599 823 3705 ipse
850 3623 896 3682 uti
923 3632 955 3684 et
984 3623 1084 3684 sciens
1110 3633 1142 3684 et

13 3781 17 3784 .
92 3745 214 3813 amans,
235 3731 326 3794 omni
345 3728 402 3793 illo
426 3727 674 3794 sacrificulorum
693 3750 825 3815 genere,
844 3728 916 3794 rudi
941 3740 973 3791 et
990 3721 1140 3812 barbaro,

91 3841 231 3915 utraque
245 3857 283 3899 ex
302 3836 430 3900 ecclesia
450 3839 545 3902 nimis
564 3836 654 3900 facile
673 3837 714 3900 ad
730 3837 840 3902 limina
854 3841 1069 3924 potentiorum
1082 3835 1141 3900 ad-

94 3955 236 4027 repente,
255 3944 366 4031 procul
384 3954 510 4034 semper
529 3967 547 4008 a
567 3968 600 4011 se
619 3946 726 4013 abesse
746 3951 841 4036 jussu,
854 3947 1034 4012 ecclesiastis
1046 3967 1141 4031 prae-
