2776 5124
246 446 310 520 254
336 436 487 506 [moun
499 431 975 510 arnurrnrrmnssnrrmu
986 429 1068 523 Ver.
1083 429 1228 506 Trsrart.

244 605 356 692 digna,
380 625 461 694 quae
480 614 588 668 tamen
607 622 675 666 non
693 599 792 667 modo
812 620 880 664 non
898 595 1124 685 improbarset,
1143 597 1200 662 red
1220 598 1294 663 lau·

246 713 359 797 desset,
383 716 480 776 etiam
490 724 642 798 tanquam
657 714 820 796 exquisita,
841 731 877 772 ac
896 709 1026 794 linguae·
1038 709 1133 794 genio
1147 710 1295 792 apprime

245 824 483 907 convenientia,
512 824 554 910 ei,
583 830 741 882 contracta
764 823 851 905 prius
872 837 946 878 cum
966 815 1111 880 Arabicis
1130 819 1297 901 scriptori-

244 928 303 994 bus
322 929 546 1013 familiaritate,
575 925 765 990 emendandi
784 929 944 1010 pruritum
965 916 1143 1010 temperare
1164 922 1297 992 didicis-

245 1054 301 1104 set.
348 1037 406 1105 Est
431 1042 466 1102 in
492 1035 554 1099 hoc
579 1054 694 1120 genere
719 1055 795 1121 prae
822 1033 929 1120 multis
954 1031 1022 1096 aliis
1043 1031 1220 1095 admodum
1241 1035 1295 1096 in-

244 1149 319 1212 felix
339 1142 595 1228 Honbigantinr,
624 1141 724 1228 quod,
751 1165 792 1206 ne
811 1146 944 1228 injurIus
963 1142 1090 1229 videar,
1113 1145 1209 1208 unico
1231 1139 1298 1206 sal-

244 1271 312 1321 tem
340 1249 486 1335 exemplo
514 1247 653 1315 breviter
683 1249 900 1318 demonstrare
927 1251 1008 1315 mihi
1034 1252 1135 1317 liceat.
1181 1249 1296 1341 Quum

247 1361 328 1428 Jobi
344 1356 480 1444 XVIII,
507 1356 529 1424 4
549 1356 700 1422 Bildadus
719 1357 746 1421 J
747 1359 845 1423 obum
872 1361 1040 1448 alloquitur
1065 1361 1151 1426 hisce
1176 1360 1298 1446 verbis,

245 1470 422 1532 absurdum
450 1463 576 1532 videtur
596 1463 729 1556 Critico,
759 1467 852 1556 dirigi
878 1474 1061 1537 sermonem
1080 1467 1121 1531 ad
1144 1489 1300 1554 praesen·-

246 1590 312 1640 tem
326 1574 465 1663 aliquem
478 1586 632 1662 tanquam
645 1576 686 1640 ad
701 1576 874 1666 absentem,
893 1591 1057 1667 mutatque
1071 1576 1183 1641 audaci
1195 1569 1298 1643 manu

110 1721 113 1727 ‘
242 1689 344 1792 'lm
367 1699 402 1762 in
426 1688 543 1787 illm,
571 1674 844 1779 senau'praeterea
864 1716 981 1780 parum
1005 1695 1159 1782 elegante.
1200 1690 1300 1754 Hou-

246 1809 391 1893 bigantio
425 1807 561 1894 <quidem
596 1802 779 1873 absurdum
800 1809 862 1874 hoc
894 1808 998 1877 videri
1033 1808 1123 1873 facile
1156 1803 1297 1894 poterat,

245 1920 364 2002 quippe
387 1915 546 1981 Hebraica
572 1931 609 1981 ut
634 1899 813 2004 plurimum
839 1920 880 1984 ad
900 1917 1142 1984 occidentalium
1167 1918 1300 2003 lingua-

220 2012 223 2018 *
246 2046 320 2088 rum
337 2006 471 2111 ‘regulas
499 2025 690 2092 diffletienti:
722 2041 755 2090 at
776 2027 949 2094 absurdum
973 2027 1080 2095 videri
1103 2029 1215 2111 nequit
1235 2026 1299 2113 itti,

248 2137 303 2216 qui
330 2155 369 2197 ex
393 2132 539 2197 Arabum
567 2138 689 2221 scriptis
715 2134 837 2218 didicit,
869 2159 937 2201 non
963 2134 1062 2200 modo
1089 2134 1220 2200 licitum
1242 2136 1299 2200 sed

247 2240 375 2328 elegans
393 2241 473 2305 adeo
485 2241 604 2306 ¹haberi
616 2239 696 2305 illud
711 2242 835 2308 dicendi
848 2265 963 2331 genus,
984 2265 1065 2330 quo,
1085 2262 1183 2329 quem
1199 2265 1297 2329 prae-

113 2345 114 2348 ’
246 2361 368 2411 tentem
394 2349 577 2437 alloquens,
612 2351 782 2439 compellet
806 2368 960 2438 tanquam
986 2351 1165 2438 absentem,
1189 2352 1300 2416 'dicas-

249 2467 327 2540 quet
365 2454 397 2520 Ο
419 2478 492 2519 eum
514 2463 569 2543 qui
593 2481 670 2543 prae
688 2463 736 2525 ira
756 2463 857 2527 saevit
877 2455 986 2524 contra
1006 2482 1040 2524 se
1059 2458 1181 2546 ipsum!
1217 2482 1299 2525 num

245 2568 293 2624 tui
315 2584 422 2627 cauata
443 2564 678 2652 derelinquetur
690 2566 802 2630 tellus?
829 2587 926 2649 quam
944 2566 1121 2635 admodum
1137 2580 1222 2633 recte
1238 2566 1300 2631 ba-

249 2703 332 2770 bet
322 2721 474 2794 interpres
493 2705 599 2774 Arabe
620 2699 748 2789 Marx-'t
770 2692 876 2773 Ml
898 2654 1050 2842 &liffll
1064 2688 1144 2809 lg-§l

334 2848 439 2936 Atque
464 2846 541 2911 haec
567 2848 608 2914 de
632 2851 761 2940 linguae
787 2853 885 2920 Arab.
910 2853 1052 2919 utilitate
1075 2851 1196 2916 Critian
1218 2850 1300 2917 dicta

252 2971 356 3025 sautu.

640 3204 904 3226 *uun-''¹'‘
