2776 5124
172 454 193 527 4
460 440 655 509 Enrronrs
699 439 944 532 Prsnrlrro.

176 610 377 701 superiorum
395 621 579 693 temporum
598 615 630 670 et
648 602 818 671 reverendi
843 616 874 671 et
898 604 1045 673 imitandi
1071 607 1225 678 amende·

171 734 243 788 rent
261 738 426 806 nunquam
445 712 685 801 poenitendum.
1098 790 1102 795 Ι

256 825 387 920 Quanta
404 835 512 887 autem
530 834 578 886 est
594 824 735 908 aequitas
760 835 793 888 et
816 822 990 921 modestia,
1016 846 1115 912 quam
1133 844 1227 893 ama..

173 937 244 1001 bilis
263 931 495 1019 benevolentia,
516 929 572 995 sed
590 934 672 1016 justa
690 943 801 996 tamen
826 935 862 997 in
888 935 1105 1001 aestimatione
1132 950 1227 1004 ante-

129 1098 132 1104 .
171 1065 332 1109 cessurum
353 1040 393 1106 de
412 1039 528 1104 litteris
543 1038 759 1106 Orientalibus
778 1043 814 1105 in
833 1040 1013 1107 Academia
1026 1041 1225 1132 Tubingensi

171 1139 373 1238 meritorum,
392 1148 433 1213 de
452 1147 565 1236 quibus
583 1147 702 1237 libello,
729 1149 936 1237 cupediarum
961 1151 995 1215 id
1021 1173 1120 1238 genus
1147 1174 1226 1217 mo-

170 1257 437 1348 nographicarum
474 1257 588 1345 pleno,
625 1257 893 1346 (biographische
928 1258 997 1324 und
1032 1259 1225 1326 literarIsche

171 1369 386 1436 Nachrichten
416 1389 485 1433 von
519 1365 718 1453 ehemaligen
746 1365 893 1433 Lehrern
925 1365 983 1432 der
1014 1364 1223 1434 hebriischen

169 1479 340 1544 Littemtur
359 1479 395 1540 in
414 1473 597 1562 Tiibingen.
621 1473 728 1557 1792.)
748 1474 912 1540 selectiora
932 1479 1092 1562 exposuit,
1122 1497 1159 1541 ea
1171 1476 1222 1541 fe-

145 1584 281 1654 licitate
302 1605 386 1671 usus,
406 1595 482 1648 uta
502 1581 695 1650 Reverere
716 1583 868 1667 incipere,
888 1586 924 1650 in
944 1581 1152 1651 Semcmno
1167 1585 1222 1649 de-

167 1694 273 1756 sinere
289 1701 407 1774 posset·

248 1798 358 1884 Atque
377 1814 465 1856 nuno
486 1792 589 1859 libelli
607 1793 747 1875 ejusdem
766 1789 969 1859 continuatio
986 1794 1060 1880 fere
1084 1808 1117 1860 et
1138 1820 1222 1863 com·

163 1906 363 1992 plementnm
390 1898 492 1961 inesse
511 1898 546 1960 in
565 1898 707 1978 selectis,
727 1920 806 1986 quas
825 1921 900 1962 cum
919 1899 1220 1991 Wiirtembergen.

163 2012 249 2080 sibus
267 2013 348 2076 meis
367 2019 403 2072 nt
420 2008 583 2093 proxime,
609 2005 666 2070 sed
685 2029 760 2071 curn
780 2005 930 2074 omnibus
957 2014 1092 2076 omnino
1120 2018 1218 2080 etiam

164 2123 312 2188 historiae
331 2118 499 2184 litterariae
518 2118 627 2179 amicis
648 2117 887 2181 communicare
895 2115 1005 2203 laetor,
1015 2117 1217 2184 orationibus

164 2229 368 2292 academicis.
408 2224 442 2289 A
453 2224 721 2298 Mrmucnmonn
739 2237 833 2312 atque
851 2229 986 2312 aprisca
1004 2227 1215 2312 Tubingensis

164 2332 426 2396 universitatiset
442 2329 702 2418 thebergensis
722 2332 757 2416 (a
775 2333 935 2420 Mavorte,
954 2332 1038 2419 proh
1058 2332 1162 2419 dolor,
1176 2333 1217 2397 de

164 2460 253 2503 sacra
271 2432 325 2501 illa
350 2437 600 2504 Protestantihus
626 2451 657 2503 et
681 2443 834 2525 primaria
860 2441 935 2506 sede
958 2444 1087 2510 noviter
1112 2455 1219 2507 motae

165 2567 213 2608 ac>
226 2545 411 2633 propulsae)
435 2548 721 2634 consanguinitate,
759 2549 800 2613 ad
832 2549 1024 2638 Buranun,
1058 2550 1217 2616 Jaconun

164 2655 428 2739 Hnnanmnnnn,
459 2675 748 2741 nnmnunrrnuuu,
777 2679 837 2721 nec
858 2680 927 2722 non
947 2658 988 2723 ad
1003 2658 1216 2722 authenticam

163 2759 203 2821 de
222 2763 410 2824 commercio
432 2760 614 2823 litterarum
636 2783 708 2822 cnm
729 2759 1100 2847 Constantinopolitunis
1114 2763 1216 2836 Grae-

163 2884 275 2926 corum
298 2863 500 2927 Patrinrchis
518 2884 576 2950 per
596 2865 947 2933 Smrn.Gnnmcn1un
966 2873 1046 2932 inito
1066 2873 1214 2935 notitiam

164 2967 287 3054 deduci,
307 2974 376 3055 quis
395 2969 638 3057 Theologorum
656 2986 840 3038 nostrorum
858 2996 926 3040 non
943 2976 1116 3063 gaudebit?

247 3075 397 3141 Rariores
417 3100 544 3164 quoque
563 3084 595 3168 ii,
615 3085 670 3167 qui
688 3086 773 3147 inter
797 3083 980 3172 Theologos
1006 3085 1168 3174 hucusque
1192 3112 1213 3154 a

161 3185 272 3259 litteris
291 3187 444 3252 hebraicis
465 3200 496 3252 et
516 3189 718 3255 orientalibus
732 3193 772 3256 ad
784 3193 967 3258 historicam
982 3193 1213 3262 Christianismi

163 3297 327 3379 originarii
349 3299 575 3385 cognitionem,
594 3312 758 3386 tamquam
777 3306 870 3365 unice
885 3301 1102 3391 adaequatam,
1121 3308 1212 3370 viam

161 3401 223 3466 sibi
237 3402 420 3488 aditumque
429 3429 543 3491 parare
554 3420 708 3494 satagunt,
717 3429 826 3489 nonne
835 3408 874 3471 de
883 3407 982 3473 Gon.
993 3409 1211 3500 Scnrcmno,

162 3513 235 3577 viro
255 3509 446 3600 admirabili,
464 3515 662 3602 spicilegium
681 3513 783 3578 adhuc
805 3519 879 3581 satis
905 3516 1044 3605 locuples
1072 3519 1211 3587 adinve-

160 3620 241 3703 nire,
266 3638 325 3680 nec
351 3639 419 3682 non
449 3620 488 3681 de
516 3620 751 3705 posterioribus
783 3621 966 3685 litterarum
1001 3624 1209 3689 orientalium

156 3717 394 3806 professoribus
421 3721 675 3812 Tnbingensibns
692 3726 785 3815 plura
804 3752 843 3795 ex
868 3732 971 3818 perito
997 3730 1072 3796 artis
1098 3729 1209 3798 audire

158 3830 310 3912 cupiant?

242 3957 403 4067 Omnium
431 3986 526 4053 vero,
555 3968 611 4052 qui
639 3967 827 4041 litterisve}
855 3972 982 4071 student
1008 3971 1063 4043 uel
1088 3969 1207 4051 favent,
