2776 5124
157 420 220 494 214
518 414 571 479 Dr
590 414 830 499 Hrroramsaa,

156 577 338 663 lectoribus,
378 581 480 644 immo
514 601 591 645 vero
621 576 679 641 sihi
706 581 766 664 ipsi
793 576 901 676 fucum
927 574 1037 641 fecisse
1064 597 1204 643 censen-

156 686 214 753 dus
234 693 302 754 est?

238 794 450 883 Compertum
474 797 566 863 nobis
587 810 617 861 et
637 794 836 880 exploratum
855 791 936 879 hoc,
961 790 1203 859 Steinhoferum

156 903 216 968 hac
233 908 268 971 in
288 928 323 970 re
337 910 381 970 ita
395 918 554 972 versatum
570 923 652 988 esse,
673 916 724 989 ut,
743 924 785 967 ne
799 900 943 965 consulto
959 899 1088 986 quidem
1104 899 1204 965 Nau-

157 1013 260 1100 clero,
295 1014 402 1078 locum
436 1033 568 1076 ornnem
593 1024 731 1075 sumeret
757 1010 1005 1098 exscriberetque
1034 1035 1073 1077 ex
1103 1036 1205 1102 opere

154 1120 290 1207 inedit0,
323 1120 409 1207 quod
435 1120 580 1185 tabularii
602 1121 682 1206 regii
704 1130 765 1206 est,
800 1115 946 1180 Osroaldi
968 1119 1201 1209 Gabellroseri3

140 1227 317 1296 'levissimo
343 1227 405 1292 hoc
431 1229 626 1314 discrimine,
658 1239 693 1289 ut
718 1229 784 1312 ipse
809 1223 937 1292 diceret:
975 1226 1032 1292 der
1053 1251 1085 1294 es
1107 1229 1203 1297 selbst

87 1360 95 1385 i
157 1336 425 1403 mitAndacht
445 1337 586 1424 geleren,
605 1334 745 1403 adtente:
766 1335 822 1401 ille
842 1353 917 1400 cum
938 1334 1066 1403 dixerit:
1091 1335 1153 1404 der
1169 1361 1200 1406 et

155 1443 251 1510 selbst
270 1467 344 1509 cum
359 1445 477 1530 judicm
497 1446 633 1532 gelesen.

241 1550 433 1618 Gabellrofer
466 1557 571 1642 itaque
601 1551 773 1620 censendus
805 1565 852 1618 est
881 1553 1086 1641 interpolasse
1123 1554 1201 1621 dicta

156 1657 308 1723 Naucleri
327 1672 358 1724 et
377 1682 432 1725 sua
452 1664 688 1749 interposuIsse,
711 1660 842 1748 scilicet,
863 1683 905 1727 ne
925 1661 1001 1750 quid
1018 1662 1202 1753 negligere·

154 1779 223 1855 tur,
244 1767 330 1852 quod
347 1772 518 1854 pertineret
534 1769 575 1834 ad
597 1769 725 1833 laudem
745 1767 930 1836 Eberhardi.

240 1873 317 1962 Sed,
353 1875 565 1943 laudatoribus
592 1879 656 1942 istis
681 1897 749 1942 non
773 1876 973 1942 Eberhardus
999 1891 1079 1965 eget.
1119 1879 1202 1955 ,Non

157 1995 204 2049 est
230 2003 287 2049 cur
311 1981 421 2070 dubIa,
452 1997 545 2071 atque
571 1983 651 2049 adeo
675 2000 761 2052 vana
783 1991 897 2051 merita
916 1985 1034 2051 trIbuas
1054 1987 1118 2074 illi,
1153 1994 1202 2053 cui

156 2113 236 2156 vera
263 2113 330 2158 non
357 2091 482 2175 desunt,
515 2103 547 2158 et
571 2094 730 2180 permulta
755 2107 787 2159 et
810 2093 982 2181 praeclara.
1022 2094 1063 2160 In
1085 2096 1201 2182 quibus

156 2202 276 2264 eminet
299 2198 376 2287 hoc,
406 2200 491 2288 quod
515 2214 625 2269 auctor
644 2203 698 2266 ille
719 2215 765 2267 est
784 2215 815 2266 et
833 2201 978 2267 conditor
997 2215 1129 2268 nostrae
1147 2205 1201 2269 lit-

154 2319 295 2374 terarum
320 2307 558 2396 Universitatis,
590 2311 641 2372 cui
667 2321 703 2374 ut
723 2309 812 2375 nullo
831 2328 900 2373 non
919 2323 1064 2395 tempore
1083 2317 1200 2399 propi-

155 2420 238 2482 tium
259 2415 372 2482 habeat
389 2416 536 2506 Numen,
566 2421 779 2508 unusquIsque
800 2416 902 2486 bonus
919 2439 988 2484 non
1007 2431 1114 2508 potest
1131 2443 1198 2489 non

153 2544 282 2590 mecum
300 2525 433 2610 precari.

131 2706 137 2715 ¹
236 2630 396 2696 Martinus
421 2628 551 2696 Crusius
578 2635 756 2697 orationem
791 2655 882 2700 suam
919 2627 960 2699 de
987 2633 1199 2703 illustrissimo

155 2741 304 2830 Principe
317 2737 501 2806 Eberhardo
516 2739 672 2827 Barbato,
696 2762 795 2827 quam
814 2741 922 2807 habuit
939 2742 1054 2808 abhinc
1075 2745 1203 2810 ducen-

152 2850 193 2914 tis
212 2863 244 2916 et
263 2850 378 2937 viginti
397 2844 487 2915 annis
508 2849 636 2935 (1593.)
656 2854 690 2916 in
709 2854 836 2939 triginta
855 2854 952 2916 trium
965 2850 1197 2936 Magistrorum

153 2961 325 3042 creatione,
345 2978 473 3023 exorsus
492 2972 538 3024 est
555 2956 604 3026 his
624 2958 743 3026 verbis:

274 3065 506 3154 „Producimus
538 3065 695 3132 XXXIII
724 3061 948 3156 adolescentes,
986 3068 1139 3140 honestos
1168 3089 1198 3141 et

182 3164 186 3179 ’
234 3175 359 3262 doctos,
387 3172 449 3239 boc
474 3173 525 3240 die
544 3161 722 3262 Magisterii
742 3174 952 3264 philosophici
974 3175 1098 3248 bonore
1119 3185 1197 3251 affi-

232 3281 368 3349 ciendos.
976 3293 984 3298 “

227 3384 230 3391 ’
315 3390 488 3458 Miraretur
514 3388 655 3479 profecto
682 3393 821 3460 multum
846 3385 1072 3465 illustrissimus
1092 3400 1194 3470 Wir-

144 3575 149 3596 ι
274 3497 467 3588 tembergiae
479 3501 554 3567 Dux
571 3507 643 3591 piae
659 3506 833 3569 memoriae
849 3502 1069 3597 Eberhardus,
1096 3508 1192 3599 hujus

135 3612 149 3738 'p'
273 3609 422 3677 semdator
446 3612 627 3681 academiae
648 3612 738 3701 felix,
755 3613 793 3678 'si
812 3633 898 3679 nunc
923 3613 1057 3681 adesset:
1085 3624 1194 3686 mira-

275 3733 362 3786 retur
380 3725 497 3810 magis,
523 3727 552 3787 si
569 3722 637 3789 aliis
655 3722 867 3812 temporibus,
894 3737 941 3789 tot
960 3725 1191 3817 adolescentes,

272 3830 397 3918 primae
414 3845 446 3895 et
457 3829 612 3911 secundae
624 3832 750 3898 laureae
761 3829 1010 3920 philosophicae,
1033 3847 1083 3899 tot
1101 3841 1191 3904 viros

141 4014 147 4022 ,
270 3941 472 4029 superiorum
491 3937 670 4008 bennum
689 3938 863 4019 bonoribus
878 3938 1037 4034 ornandos
1055 3943 1196 4025 videret·
