2776 5124
480 408 604 481 Tutor.
624 432 661 478 ur
682 412 937 484 Clucrmaarm.
1141 406 1142 410 ’
1159 419 1216 480 137

252 576 375 644 Iterum
399 573 481 644 edita
505 575 564 641 fuit
581 574 659 642 haec
679 582 781 647 oratio
803 577 1053 666 aReformatis,
1079 568 1219 666 Neapoli

165 684 361 774 Nemetum,
392 691 482 752 1598.
509 699 541 749 et
555 699 671 775 nostra,
680 693 776 754 etiam
790 700 890 773 aetate
904 691 1035 773 repetita
1050 708 1069 750 a
1087 685 1219 752 Strobe-

144 797 228 882 llio,
267 800 303 863 in
331 795 484 861 Miscellis
515 793 826 878 (Miscellaneen
850 798 1020 861 litterar.
1045 795 1219 880 InhaltS,

165 911 219 971 fite
236 902 466 990 Sammlung
491 901 598 988 1782),
620 903 818 992 dignacerte
838 928 919 993 quae
939 905 1071 991 legatur.

254 1005 488 1097 Compendium
518 1023 624 1076 autem
650 1011 865 1099 theologicum
889 1013 1030 1078 methodi
1056 1013 1221 1097 quaestio-

162 1124 265 1188 nibus
291 1132 468 1185 tractatum
492 1119 612 1184 editum
633 1131 679 1186 est
699 1119 866 1210 Tubingae
885 1143 971 1186 anno
991 1103 1220 1207 septuagesimo

165 1234 274 1298 tertio,
315 1229 445 1294 Primus
473 1228 525 1292 hic
553 1232 637 1293 inter
664 1241 790 1294 nostros
818 1245 884 1296 erat
910 1242 1039 1294 conatus
1062 1230 1223 1294 doctriuae

162 1340 415 1406 christianorum
444 1350 630 1425 repurgatae
657 1337 698 1401 ad
725 1336 915 1422 disciplinae
944 1337 1104 1400 rationem
1131 1360 1223 1402 sum-

163 1452 286 1515 matim
310 1446 496 1530 tradendae,
524 1459 597 1532 post
622 1443 722 1510 editos
743 1443 1008 1510 celebratissimos·
1022 1445 1093 1510 illos
1114 1447 1224 1510 aMe-

164 1555 362 1622 lanchthone
384 1554 489 1619 Locos
519 1575 722 1640 communes,
755 1555 842 1639 cujus
868 1559 965 1616 etiam
984 1559 1125 1618 maxime
1148 1578 1225 1619 mo-

169 1666 252 1730 dum
272 1685 309 1728 ac
330 1662 478 1728 ordinem
496 1665 598 1726 tenuit
614 1673 739 1749 noster,
760 1665 795 1726 in
815 1661 964 1748 omnibus
983 1673 1091 1727 tamen
1106 1663 1225 1729 doctri-

168 1795 234 1840 nae
261 1772 407 1838 formulis
435 1774 498 1858 ipsi
523 1793 591 1836 non
616 1792 743 1856 semper
768 1752 947 1855 consonus,
971 1770 1026 1835 sed
1047 1772 1169 1836 Brentii
1188 1794 1225 1835 ac

170 1882 327 1949 Andreae
346 1891 452 1967 partes
469 1891 602 1947 secutus.
641 1875 806 1946 Successus
821 1881 895 1944 libri
906 1893 973 1944 erat
989 1880 1056 1963 hic,
1078 1894 1129 1966 ut,
1149 1895 1225 1947 teste

169 1993 242 2079 ipso
274 2001 421 2076 auctore,
452 1987 673 2074 typographus
700 1989 794 2058 brevi
820 1991 989 2059 intervallo
1012 1992 1226 2078 multiplicatis

171 2099 343 2185 exemplis,
365 2085 403 2162 'et
421 2095 528 2160 multis
540 2096 681 2162 millibus
697 2101 831 2187 excusis,
853 2112 1014 2164 emturum
1030 2114 1138 2166 tamen
1152 2100 1226 2170 avi-

173 2211 266 2275 ditati
286 2206 462 2273 satisfacere
480 2209 538 2274 vix
557 2217 678 2292 posset,
706 2219 803 2292 utque
823 2206 905 2271 liber
925 2208 992 2273 aliis
1011 2213 1107 2273 etiam
1124 2214 1158 2274 in
1173 2211 1227 2275 lo-

172 2320 235 2405 cIs,
279 2317 423 2403 Lipsiae,
462 2313 740 2402 Wittembergae,
776 2315 987 2402 Magdeburgi
1024 2332 1228 2404 repeteretur.

177 2426 290 2520 Quare
310 2437 417 2490 motus
433 2433 541 2488 auctor
558 2425 747 2509 recognovit
762 2444 856 2512 suum
869 2447 964 2513 opus,
983 2425 1080 2512 idque
1095 2436 1227 2516 auctius,

176 2550 210 2625 et
237 2534 335 2623 duplo
363 2533 431 2597 fere
457 2532 592 2619 amplius
618 2529 716 2596 edidit
742 2553 828 2596 anno
850 2540 1082 2621 septuagesimo
1104 2552 1228 2607 octav0.

174 2644 332 2739 Editionis
352 2647 476 2728 primae
497 2640 679 2726 exemplum
700 2649 808 2705 secum
829 2640 1128 2733 Constantinopolin
1147 2662 1230 2713 attu-

174 2754 258 2818 lerat
278 2740 477 2831 Gerlachius3
504 2747 557 2812 hic
574 2748 778 2813 Patriarchae
802 2749 939 2835 adeundi
959 2758 1084 2840 copiam
1102 2771 1229 2844 nactus,

177 2884 255 2926 cum
282 2862 448 2925 mentione
479 2857 554 2960 libri
580 2855 660 2919 facta
680 2862 897 2947 cognovisset,
926 2860 1142 2928 Patriarcham
1161 2888 1229 2931 non

176 2971 320 3035 alienum
351 2967 420 3031 fore
451 2965 491 3030 ab
519 2965 576 3029 illo
605 2965 845 3054 cognoscendo,
884 2971 1052 3035 consilium
1081 2977 1231 3062 suggessit

177 3078 336 3165 theologis
355 3079 470 3142 uostris
489 3073 638 3139 mittendi
661 3073 754 3137 illum
780 3097 896 3160 graece
917 3099 1119 3163 conuersum,
1149 3105 1230 3148 con-

179 3210 293 3258 versus
312 3189 408 3278 igitur
428 3197 490 3273 est,
510 3171 677 3251 Ludovico
691 3181 784 3247 Duce
803 3182 932 3268 jubente
949 3197 980 3248 et
998 3206 1230 3282 remunerante,

181 3322 202 3363 a
222 3297 363 3371 MartIno
385 3295 517 3380 Crusio,
550 3303 581 3356 et
608 3295 715 3360 versio
737 3291 1035 3380 Constantinopolin
1056 3301 1152 3363 missa
1170 3325 1232 3386 pro

181 3404 384 3491 Patriarcha,
413 3403 452 3466 ab
479 3403 542 3466 hoc
568 3413 674 3465 autem
700 3412 736 3464 ut
760 3400 886 3470 videtur
910 3424 1076 3490 nunquam
1097 3412 1237 3494 cognita.

182 3514 299 3580 Postea
327 3534 402 3576 cum
428 3509 548 3575 librum
574 3515 749 3574 auctiorem
770 3511 917 3576 edidisset
939 3525 1067 3600 auctor,
1103 3513 1233 3582 Crusius

184 3645 315 3712 quoque
341 3628 432 3686 suam
455 3623 638 3689 versionem
659 3623 807 3686 resumsit
825 3641 959 3706 eamque
977 3642 1083 3688 novae
1102 3622 1234 3688 editioni

184 3729 450 3796 accommodavit.
501 3727 543 3794 Et
569 3733 655 3817 typis
684 3728 837 3815 descripta
864 3750 901 3792 ac
928 3729 1056 3817 vulgata
1082 3743 1129 3796 est
1156 3731 1234 3796 haee

186 3861 298 3929 graeca
318 3842 423 3907 versio
439 3858 578 3901 unacum
592 3837 691 3902 latino
708 3849 795 3903 textu
806 3836 1029 3927 Wittebergae
1043 3860 1129 3903 anno
1143 3855 1234 3905 octo-

186 3953 310 4037 gesimo
330 3953 486 4037 secmdo,
513 3949 549 4015 in
567 3944 598 4017 lt.
619 3950 719 4036 spisso
740 3950 915 4018 volumine.
952 3948 1003 4038 Ex
1017 3951 1133 4036 majori
1147 3972 1234 4018 nunc
