2776 5124
162 459 205 520 30
436 444 641 511 Enrronrs
681 437 932 510 Pnnnrrrro.

170 679 173 685 ,
200 643 201 646 “
245 617 361 704 Neque
379 630 467 678 nune
485 607 520 674 id
538 628 615 696 ago,
642 605 678 672 dt
698 616 894 694 quantopere
913 617 945 671 et
964 603 1157 674 curatorum
1183 625 1216 677 et

161 728 234 794 Tua
253 727 356 812 Ipsius
376 717 600 787 benevolentia
618 718 764 780 animum
783 713 937 802 affecerit,
964 715 1073 783 verbis
1107 717 1215 782 decla-

159 858 231 903 rare
251 833 406 917 studeam,
425 826 480 895 sed
499 828 605 892 missis
622 821 811 912 ambagibus
827 823 869 888 ad
887 843 961 890 rem
982 826 1085 912 ipsam
1110 830 1217 914 proti-

161 965 224 1012 nus
242 940 370 1007 accedo.
1203 996 1206 1000 Α

241 1047 386 1114 Decrevi
405 1044 494 1110 niune
514 1040 646 1110 tandem
668 1038 761 1128 apud
781 1035 937 1120 animum,
970 1059 1037 1106 non
1064 1060 1220 1108 recusare

162 1156 365 1222 uocationem
379 1152 534 1216 divinitus
548 1148 628 1213 miei
645 1148 801 1213 oblatam.
841 1149 891 1211 At
912 1170 971 1235 ego
997 1149 1062 1212 mei
1087 1149 1220 1224 arbitrii

163 1263 290 1346 meique
299 1261 384 1339 juris
395 1258 490 1321 homo
507 1273 573 1318 non
589 1278 670 1337 snm,
692 1250 778 1342 quod
794 1248 913 1320 liberae
932 1255 1126 1342 reipublicae·
1136 1259 1222 1324 civi-

163 1369 223 1434 bus
242 1371 373 1453 mirum,
393 1360 469 1428 Tibi
490 1371 608 1440 autem,-
627 1366 662 1428 in
675 1362 850 1428 Germania
870 1371 912 1451 et,
931 1364 1019 1452 quod
1039 1361 1221 1455 seiquar-

164 1478 259 1566 burgi
277 1489 352 1541 nato
374 1491 442 1540 uon
460 1468 644 1538 incredibile
664 1472 836 1541 videbitur.
875 1474 1007 1539 Etenim
1027 1491 1101 1541 cum
1123 1473 1222 1562 juve-

164 1592 214 1653 nis
243 1594 394 1672 apatre,
419 1599 487 1648 non
514 1583 601 1670 quod
625 1583 738 1679 opibus
764 1576 862 1671 plane
886 1592 1025 1673 careret,
1052 1581 1108 1650 sed
1134 1584 1222 1672 quod

165 1677 284 1782 patriae
304 1698 384 1759 ratio
405 1690 448 1755 ita
467 1685 581 1779 ferret,-
610 1689 645 1756 in
671 1690 864 1778 stipendium
888 1692 1047 1781 Principis
1070 1693 1222 1783 traderer,

166 1802 266 1868 fidem
284 1821 344 1890 pro
366 1818 459 1866 more
480 1801 652 1887 obstrInri,
685 1800 770 1866 velle
788 1823 844 1864 me·
870 1801 959 1864 nullo
985 1824 1053 1866 non
1076 1813 1223 1889 tempore

166 1916 287 1998 patriae
307 1911 475 1998 inservire,
492 1924 553 1974 nee
572 1911 634 1971 nisi
653 1902 782 1974 volente
808 1920 839 1973 et
859 1912 990 1974 veniam
1018 1905 1111 1974 dante
1131 1912 1223 1976 Duce

166 2010 454 2104 Wiirtembergiae
469 2019 582 2081 exteris
595 2032 727 2103 operam
742 2017 857 2083 dicare.
867 2017 974 2103 Igitur
980 2015 1221 2102 Sterttgurdium

166 2123 333 2212 prefectus
351 2142 511 2209 supremo,
531 2125 618 2207 quod
641 2123 804 2186 civitatem
826 2115 991 2204 Principis
1010 2117 1143 2183 nomine
1165 2123 1224 2185 acl·

167 2224 343 2307 ministrat,
365 2228 507 2291 Consilio
527 2227 654 2290 litteras
669 2226 810 2308 exhibui,
833 2225 949 2312 quibus
967 2225 1096 2286 veniam
1120 2237 1152 2287 et
1171 2227 1224 2303 ius

166 2346 255 2421 pete,
277 2330 408 2399 eumA.
429 2333 644 2398 Curatoribns*
655 2332 739 2394 serio
754 2355 797 2397 ae
813 2331 945 2393 honeste
959 2323 1224 2413 desuscipiendo‚

169 2441 259 2526 qnod
271 2439 353 2502 miti
368 2432 553 2520 obtulerint,
568 2453 652 2501 novo
667 2458 800 2499 inuuere
815 2435 945 2522 agendi.
994 2436 1109 2500 Meum
1138 2461 1226 2504 nune

173 2557 221 2611 est
240 2554 429 2635 exspectare,
448 2540 551 2610 donec
570 2544 611 2609 ab
636 2545 715 2632 illis,
743 2563 840 2634 penes
866 2565 946 2636 quos
974 2541 1139 2613 arbitrium
1170 2557 1229 2636 est,

174 2653 215 2720 de
233 2677 287 2720 me
303 2666 465 2720 statuaturo

258 2760 294 2828 Si
307 2766 444 2831 ‘veniam
470 2755 659 2850 concedant,
683 2756 780 2830 fretus
807 2757 919 2833 divino
948 2760 1063 2831 auxilio
1082 2804 1127 2818 -
1147 2760 1231 2833 Tuis

174 2869 283 2938 verbis
302 2877 376 2936 utor
395 2911 439 2926 -
457 2875 602 2960 protinus
620 2874 671 2938 Te
690 2878 860 2961 interprete
875 2874 910 2939 id
928 2896 1038 2963 agam,
1069 2888 1105 2939 ut
1136 2899 1231 2942 sum-

174 3001 248 3044 mae
267 2977 462 3046 Curatorum
487 2981 524 3046 in
549 3003 604 3046 me
629 2980 886 3071 benevolentiae,
916 2995 1072 3070 quantum
1098 2985 1233 3071 quidem

72 3114 79 3125 =
173 3088 210 3152 in
224 3101 342 3177 meost,
353 3089 573 3178 respondeam.
615 3088 650 3156 Si
661 3095 926 3179 negentveniam,
941 3075 1232 3179 obtemperandum

174 3196 256 3262 mihi
274 3203 344 3285 erit,
364 3208 461 3288 atque
479 3215 529 3278 res
549 3204 654 3264 omnis
673 3199 715 3264 ad
734 3199 845 3265 Deum
864 3199 906 3267 Ο.
925 3200 974 3266 Μ.
993 3200 1233 3266 rerumhuma-

174 3322 291 3372 narum
307 3307 544 3374 moderatorem
563 3303 739 3373 referendae

259 3413 308 3480 Ut
325 3415 470 3502 primum
489 3415 571 3481 mihi
590 3421 667 3481 certi
685 3415 763 3503 quid
782 3419 969 3504 innotuerit,
994 3418 1112 3507 absque
1132 3443 1231 3490 mora

175 3516 218 3586 ad
247 3515 297 3587 Te
322 3523 470 3594 scribam.
524 3524 661 3590 Interim
685 3529 776 3589 enixe
795 3525 844 3588 Te
870 3546 950 3614 rogo
972 3539 1066 3613 atque
1087 3529 1232 3623 obsecro,

175 3629 258 3699 velis
277 3629 360 3694 mihi
377 3653 438 3721 pro
459 3654 512 3721 ea,
538 3655 619 3720 quae
646 3637 682 3698 in
700 3632 750 3698 Te
769 3647 827 3722 est,
854 3635 1004 3722 singulari
1032 3636 1233 3707 humanitate

176 3737 373 3829 sIgnifieare,
403 3756 558 3829 quantum
585 3742 638 3807 Tu
656 3755 746 3831 putes
765 3745 917 3828 temporis
949 3747 1090 3830 spatium
1117 3745 1157 3810 ab
1186 3748 1234 3819 A.

39 3877 41 3880 ·
127 3917 129 3920 ,
179 3844 385 3915 Curatoribus
400 3850 481 3916 mihi
500 3850 629 3918 concedi
648 3873 755 3939 posse,
782 3863 955 3939 antequam
974 3873 1097 3936 munus
1122 3859 1237 3944 ipsum

178 3956 219 4024 sit
237 3959 473 4047 capessendum.
1133 3969 1139 3976 “
