2776 5124
194 425 256 488 252
505 419 659 497 Lnteun
678 441 773 489 aare.
793 443 935 494 aarum

190 571 408 651 illustrandam
442 605 481 656 ex
506 585 648 655 Arabico
678 588 829 656 idiomate
861 594 1047 664 versionem
1075 616 1251 686 graecam,

192 692 334 780 adeoque
352 706 474 759 textum
494 717 620 762 sacrum
637 700 761 785 ipsum,
781 703 926 766 animum
946 703 1138 788 appulerint.

274 800 337 869 Sed
362 804 423 867 alia
448 825 575 891 quoque
601 821 649 872 est
672 808 799 897 linguae
820 808 975 874 Arabicae
994 810 1127 900 utilitas,
1156 811 1246 902 huic,

189 917 230 981 de
243 936 303 1004 qua
316 917 463 1003 proxime
479 915 630 1003 diximus,
649 938 804 1005 perquam
820 914 938 1004 affluis,
958 922 1132 1008 nimirum,
1152 924 1242 1008 quod

186 1047 255 1089 non
282 1025 382 1088 modo
411 1023 451 1086 ad
478 1037 564 1089 recta
590 1024 834 1111 intelligendam
864 1033 1047 1096 versionem
1072 1015 1243 1120 graecam,

184 1133 240 1199 sed
269 1131 367 1199 etad
395 1131 530 1196 eandem
556 1131 780 1216 castigandam
804 1134 977 1218 multisque
1003 1138 1126 1202 mendis
1152 1163 1241 1225 pur-

184 1242 328 1329 gandam
355 1240 533 1327 plurimum
556 1238 705 1326 prodesse
730 1237 848 1305 Critico
873 1253 976 1327 potest
1000 1242 1127 1330 linguae
1147 1250 1239 1315 Ara-

182 1352 271 1432 bicae
289 1355 410 1417 notitia.
450 1349 645 1414 Versionem
666 1346 732 1413 cciv
751 1345 980 1433 ἑβδομήκοντα
1001 1353 1128 1438 qualem
1150 1362 1241 1445 typis

176 1448 255 1529 ¹eam
280 1481 459 1548 expressam
482 1457 650 1545 habemus,
677 1463 704 1523 si
724 1461 810 1525 vitiis
828 1455 973 1524 laborare
994 1459 1129 1526 dixerim
1150 1464 1238 1532 baud

181 1572 304 1659 paucis,
323 1568 378 1636 vel
398 1590 437 1630 ex
456 1579 640 1652 temporum
655 1569 786 1653 injuria,
808 1566 862 1634 vel
874 1567 1066 1654 negligentia
1080 1570 1236 1639 librario-

177 1703 269 1766 rum,
297 1679 352 1746 vel
377 1677 445 1742 aliis
471 1680 570 1740 causis
595 1672 865 1761 qualibuscunque
890 1679 983 1760 ortis,
1012 1699 1083 1740 rem
1110 1702 1235 1745 nouam

151 1796 153 1808 ¹
177 1809 308 1855 narrare
329 1785 434 1854 videri
453 1785 594 1872 profecto
615 1806 683 1848 non
702 1803 845 1869 possum,
885 1781 1037 1848 Prostaut
1054 1785 1115 1849 hac
1136 1786 1233 1852 dere

165 1901 323 1965 virorum
344 1895 511 1972 doctorum
530 1890 687 1979 querelae.
728 1891 769 1954 Et
785 1911 888 1976 nuper
902 1912 954 1955 eas
969 1895 1004 1955 in
1017 1915 1122 1957 unum
1140 1897 1232 1981 quasi

173 2006 301 2093 collegit
326 2003 513 2088 eruditaque
540 1998 611 2064 orbi
637 2001 804 2087 proposuit
827 1999 952 2065 doctiss.
983 2000 1127 2065 owenus
1154 2003 1232 2068 An-

173 2116 260 2203 glus,
288 2133 326 2176 eo
345 2112 548 2197 potissimum
566 2107 716 2193 consilia,
743 2117 780 2169 ut
800 2110 947 2173 excitaret
966 2109 1103 2173 alterum
1124 2132 1230 2196 quen·

171 2223 248 2287 dam
274 2218 508 2303 Kennicotum,
552 2217 609 2302 qui
647 2213 768 2278 collatis
801 2227 956 2302 quotquot
984 2229 1093 2281 extant
1118 2218 1231 2306 Mstis,

169 2331 301 2418 aliisque
327 2325 471 2392 subsidiis
492 2324 605 2389 criticis
629 2323 664 2386 in
690 2317 865 2386 subsidium
885 2329 1020 2409 vocatis,
1056 2347 1130 2388 eam
1153 2340 1228 2390 tau-

172 2437 247 2502 dem
270 2435 363 2501 nobis
384 2444 556 2519 praestaret
581 2430 738 2498 versionis
762 2452 893 2517 graecae
913 2431 1085 2496 editionem
1105 2448 1226 2498 castam

168 2556 200 2610 et
228 2552 448 2630 repurgatam,
477 2559 541 2625 qua
566 2532 739 2601 commode
767 2550 799 2602 at
826 2558 902 2605 cum
928 2537 1045 2606 fiducia
1072 2541 1121 2605 uti
1146 2563 1225 2631 pos-

167 2673 284 2720 semus.

251 2755 315 2824 Sed
335 2746 515 2846 quicunque
533 2751 665 2820 tandem
686 2751 809 2820 criticae
829 2772 935 2820 sacrae
954 2747 1159 2841 praeclarum
1178 2755 1224 2819 il-

166 2868 222 2934 lud
248 2865 442 2930 beneficium
467 2869 507 2929 sit
531 2867 754 2970 praestitoque,
786 2886 848 2930 nae
874 2865 929 2930 ille
950 2864 1088 2930 Arabica
1112 2865 1222 2953 lingua

167 2980 236 3042 siue
250 2976 392 3037 maximo
410 2978 458 3039 rei
472 2996 547 3039 suae
562 2975 771 3041 incommodo
785 2997 892 3040 carere
906 2995 975 3039 non
990 2985 1101 3061 potest.
1131 2974 1221 3038 Nam

163 3081 319 3148 habemus
347 3084 532 3149 versionem
566 3086 662 3149 totius
696 3098 762 3154 vet.
788 3085 876 3149 Test.
901 3081 1074 3146 Arabicam
1104 3082 1220 3170 talem,

108 3200 112 3211 ‘
165 3212 257 3278 quae,
277 3193 338 3253 sia
356 3193 465 3275 paucis
477 3188 666 3278 quibusdam
686 3190 775 3258 libris
793 3191 986 3276 discesseris,
1005 3190 1220 3275 peritissimo-

165 3321 241 3367 rum
266 3299 302 3362 in
327 3309 396 3361 arte
419 3298 568 3366 virorum
590 3302 761 3388 sententia,
797 3298 891 3362 ducta
915 3309 1053 3362 estnon
1079 3319 1122 3361 ex
1147 3302 1218 3384 ipso

163 3406 302 3473 hebraeo
321 3405 427 3493 fonte,
453 3407 509 3471 sed
527 3409 555 3471 si
573 3429 692 3496 paucos
706 3421 776 3490 vet.
796 3406 883 3473 Test.
900 3403 1018 3490 libros,
1041 3403 1082 3467 ad
1103 3403 1220 3493 Syria·

163 3537 236 3580 cam
261 3518 445 3582 versionem
470 3515 652 3601 translatos,
685 3517 854 3603 exceperis,
875 3533 989 3600 graeca
1010 3499 1237 3598 potissimum

161 3623 376 3689 translatione.
415 3622 577 3688 Imitanda
601 3627 698 3711 igitur
723 3635 797 3689 sunt
823 3619 968 3708 exempla
994 3641 1127 3706 eorum,
1160 3622 1217 3708 qui

162 3731 363 3823 Graecorum
376 3731 666 3820 Romanorumque
685 3734 808 3819 scriptis
828 3727 1021 3816 expoliendis
1041 3749 1137 3792 suam
1152 3751 1216 3793 na-

160 3853 241 3907 vant
266 3861 415 3929 operam,
443 3847 498 3930 qui
519 3866 594 3909 cum
611 3841 729 3909 habent
747 3840 822 3905 libri
841 3837 1006 3926 cujusdam
1025 3841 1213 3907 versionem

160 3952 340 4037 antiquam,
375 3973 414 4015 ea
441 3955 489 4018 sic
513 3965 660 4040 utuntur,
689 3965 725 4016 ut
753 3947 845 4037 inde,
874 3959 1030 4034 tanquam
1063 3967 1082 4012 e
1107 3958 1213 4031 msto,
