2776 5124
73 1236 78 1243 ,
115 1200 118 1213 ·
149 1162 443 1253 Wit'tebergensem
479 1163 661 1233 litterarum
680 1167 928 1247 ‘universitatem
962 1172 1115 1235 novimus

60 1279 100 1341 in
119 1297 158 1338 eo
179 1298 265 1340 nunc
285 1297 360 1361 esse,
385 1288 421 1338 ut
441 1275 579 1339 seculare
598 1276 713 1339 festum
737 1296 834 1341 suum
849 1273 955 1360 ,idque
982 1282 1115 1353 tertium

59 1384 210 1460 celebret.
253 1384 386 1447 Etenim
401 1385 528 1457 initium
547 1382 657 1455 babuit
675 1382 772 1447 seculi
792 1381 907 1444 decimi
925 1387 1003 1446 sexti
1029 1407 1115 1449 anno

61 1492 203 1558 secundo
225 1491 372 1558 Octobris
393 1491 443 1557 die
464 1491 588 1555 decimo
607 1502 724 1572 octavo
745 1489 852 1573 Lucae
866 1509 974 1576 sarm,
986 1506 1115 1577 auctore

61 1599 232 1663 Friderico
249 1599 311 1677 III,
330 1597 482 1659 Electore
507 1609 538 1659 et
557 1595 653 1658 Duce
674 1593 850 1672 saxoniae,
878 1595 931 1658 cui
952 1594 1115 1685 Sapientis

61 1725 181 1770 nomen
206 1704 342 1789 obtigit5
363 1702 512 1767 suadente
531 1703 731 1789 potissimum
751 1713 845 1786 atque
865 1714 996 1786 urgente
1010 1682 1116 1767 Maa-

59 1833 140 1877 rruo
161 1809 304 1874 Porrrcu
312 1810 585 1896 Mellerstadiensi,
606 1814 661 1896 qui
676 1809 872 1896 permultum
888 1809 1012 1876 valebat
1029 1810 1116 1896 apud

59 1923 253 2006 principem,
273 1917 314 1982 ob
335 1916 432 2007 fidem
444 1933 477 1983 et
487 1932 589 1982 artem
601 1917 723 1980 dudum
733 1900 983 2006 comprobatam.
1026 1917 1116 1984 Nam

61 2049 140 2090 cum
159 2049 245 2091 anno
265 2026 436 2091 millesimo
459 2026 770 2112 quadringentesimo
793 2029 1000 2112 nonagesimo
1021 2032 1116 2095 tertio

59 2136 351 2222 peregrinationem
369 2134 528 2221 religionis
549 2156 626 2219 ergo
646 2139 680 2197 in
692 2128 904 2209 Palaestinam
925 2154 1116 2203 cumavun-

60 2243 148 2327 cul0,
166 2243 244 2305 duce
264 2240 429 2327 Bavariae,
449 2244 631 2329 suscepisset
651 2241 863 2328 Friderious,
873 2245 1026 2326 comitem
1052 2242 1119 2311 sibi

60 2350 255 2417 Pollichium
275 2349 425 2438 adjunxit.
466 2344 544 2412 Hic
550 2371 624 2412 cum
643 2350 679 2412 in
698 2348 800 2412 insula
820 2347 939 2412 Rhodo
958 2355 1117 2437 principes

60 2471 136 2546 post
154 2457 263 2520 hausta
283 2456 410 2521 liberius
431 2450 593 2521 Cretensia
615 2460 691 2525 vina
710 2450 863 2522 baln'eas
852 2460 986 2546 mgressi
1001 2466 1118 2555 essent,

59 2567 158 2653 idque
171 2563 340 2629 Pollichius
360 2570 510 2652 rescIsset,
529 2567 597 2652 ipse
617 2587 685 2629 non
704 2579 835 2633 vocatus
855 2566 1046 2665 ingreditur,
1062 2581 1114 2631 at·
1152 2646 1162 2659 ,

62 2697 126 2760 que
147 2696 166 2737 e
184 2673 303 2737 balneis
323 2671 522 2736 Fridericum
541 2696 597 2738 sua
617 2695 716 2738 manu
741 2672 976 2760 apprehensum
1003 2660 1120 2768 educit,¹

64 2781 172 2847 CbrIst
160 2780 295 2867 tophoro
322 2783 430 2866 paucis
458 2781 566 2847 diebus
593 2796 666 2871 post
697 2782 778 2848 febri
812 2783 936 2854 ardenti
968 2770 1128 2881 extinctn'

65 2889 171 2975 Hujus
191 2887 336 2954 beneficii
355 2886 573 2954 recordatione
591 2890 771 2957 Fridericus
788 2905 855 2957 toto
876 2895 961 2960 vitae
972 2876 1118 2996 tempore

64 2982 257 3062 Polliehium
277 2995 435 3061 ardentius
457 2997 563 3063 dilexit
581 3012 613 3064 et
630 3000 718 3067 velut
738 3005 823 3074 vitae
838 3014 1036 3068 servatorem
1054 3024 1117 3067 ve·
1155 3043 1157 3046 -

65 3117 191 3169 neratus
220 3117 275 3171 est.
287 3104 320 3189 *)
372 3106 498 3192 Lipsiae
524 3111 600 3172 artis
626 3109 768 3173 medicae
799 3108 910 3202 doctor
937 3131 1011 3171 cum
1039 3119 1118 3172 esset

66 3211 254 3300 Pollichius,
283 3225 354 3277 orta
373 3226 419 3278 est
434 3214 483 3308 'ibi
510 3216 677 3302 disputatio
688 3213 741 3302 **)
768 3214 819 3280 de¹
833 3193 950 3281 morbo
976 3238 1001 3280 s.
1029 3214 1117 3280 malo

67 3319 229 3407 Francico,
237 3333 273 3384 ut
291 3333 361 3384 tum
382 3320 554 3408 dicebatur,
577 3337 697 3390 essetne
713 3320 896 3412 ἐπιδήμιον,
906 3345 947 3387 an
964 3322 1118 3408 ἔνδημον.

68 3427 106 3492 Et
126 3429 277 3493 dissensio
297 3431 582 3497 interPollichium
601 3447 633 3499 et
651 3434 794 3521 collegas,
814 3439 849 3498 in
865 3433 976 3519 quibus
985 3417 1119 3496 eminuit

71 3533 180 3601 Simon
199 3537 340 3626 Pistoris,
364 3554 432 3604 tam
460 3542 632 3609 vehemens
660 3543 757 3628 facta,
798 3555 833 3607 ut
867 3542 919 3606 bic
948 3540 990 3604 ad
1021 3540 1119 3603 Elec-

70 3655 171 3708 torem
192 3644 510 3736 Brundeburgensem
529 3650 737 3714 Joachimum
762 3642 920 3715 secederet
947 3659 1120 3731 auctorque

72 3766 146 3817 esset
171 3755 378 3822 instituendae
397 3756 590 3823 Academiae
608 3757 809 3827 Francofurti
829 3756 871 3821 ad
882 3754 1051 3828 Viadrum‚
1065 3751 1120 3815 ille

80 3889 492 3911 Μ

104 3954 132 4026 *l
151 3960 190 4015 V.
209 3957 309 4016 anmi
329 3979 357 4033 p.
376 3974 401 4028 7.
438 3960 483 4030 “)
501 3960 614 4021 Suovus
631 3982 663 4040 p·
687 3968 747 4024 256.
