<?xml version="1.0" encoding="UTF-8"?>
<!DOCTYPE html PUBLIC "-//W3C//DTD XHTML 1.0 Transitional//EN"
    "http://www.w3.org/TR/xhtml1/DTD/xhtml1-transitional.dtd">
<html xmlns="http://www.w3.org/1999/xhtml" xml:lang="en" lang="en">
 <head>
  <title>
</title>
<meta http-equiv="Content-Type" content="text/html;charset=utf-8" />
  <meta name='ocr-system' content='tesseract 3.04.00' />
  <meta name='ocr-capabilities' content='ocr_page ocr_carea ocr_par ocr_line ocrx_word'/>
</head>
<body>
  <div class='ocr_page' id='page_1' title='image "./dchristianifrid00schngoog_0018.png"; bbox 0 0 2776 5124; ppageno 0'>
   <div class='ocr_carea' id='block_1_1' title="bbox 354 396 1122 481">
    <p class='ocr_par' dir='ltr' id='par_1_1' title="bbox 354 396 1122 481">
     <span class='ocr_line' id='line_1_1' title="bbox 354 396 1122 481; baseline 0.004 -5"><span class='ocrx_word' id='word_1_1' title='bbox 354 410 557 481; x_wconf 77' lang='lat' dir='ltr'>Eurr‘ours</span> <span class='ocrx_word' id='word_1_2' title='bbox 601 396 846 481; x_wconf 73' lang='lat' dir='ltr'>Puarrsrro.</span> <span class='ocrx_word' id='word_1_3' title='bbox 1087 422 1122 479; x_wconf 88' lang='lat' dir='ltr'>ll</span> 
     </span>
    </p>
   </div>
   <div class='ocr_carea' id='block_1_2' title="bbox 74 572 1134 2727">
    <p class='ocr_par' dir='ltr' id='par_1_2' title="bbox 74 572 1134 2727">
     <span class='ocr_line' id='line_1_2' title="bbox 77 572 1125 665; baseline -0.006 -18"><span class='ocrx_word' id='word_1_4' title='bbox 77 589 149 647; x_wconf 79' lang='lat' dir='ltr'>tiras</span> <span class='ocrx_word' id='word_1_5' title='bbox 169 593 201 644; x_wconf 86' lang='lat' dir='ltr'>ct</span> <span class='ocrx_word' id='word_1_6' title='bbox 221 576 373 665; x_wconf 81' lang='lat' dir='ltr'><strong>philolog.</strong></span> <span class='ocrx_word' id='word_1_7' title='bbox 394 576 515 640; x_wconf 84' lang='lat' dir='ltr'>assidue</span> <span class='ocrx_word' id='word_1_8' title='bbox 532 572 748 662; x_wconf 76' lang='lat' dir='ltr'>frequentav13</span> <span class='ocrx_word' id='word_1_9' title='bbox 787 577 882 664; x_wconf 83' lang='lat' dir='ltr'>Regii</span> <span class='ocrx_word' id='word_1_10' title='bbox 907 576 1046 643; x_wconf 88' lang='lat' dir='ltr'>Instituti</span> <span class='ocrx_word' id='word_1_11' title='bbox 1071 578 1125 642; x_wconf 89' lang='lat' dir='ltr'>hi-</span> 
     </span>
     <span class='ocr_line' id='line_1_3' title="bbox 76 685 1125 776; baseline -0.004 -19"><span class='ocrx_word' id='word_1_12' title='bbox 76 692 190 776; x_wconf 89' lang='lat' dir='ltr'>storici,</span> <span class='ocrx_word' id='word_1_13' title='bbox 211 689 299 772; x_wconf 86' lang='lat' dir='ltr'>cujus</span> <span class='ocrx_word' id='word_1_14' title='bbox 312 708 373 750; x_wconf 86' lang='lat' dir='ltr'>me</span> <span class='ocrx_word' id='word_1_15' title='bbox 393 689 516 750; x_wconf 90' lang='lat' dir='ltr'>socium</span> <span class='ocrx_word' id='word_1_16' title='bbox 536 707 603 751; x_wconf 87' lang='lat' dir='ltr'>esse</span> <span class='ocrx_word' id='word_1_17' title='bbox 623 686 726 752; x_wconf 91' lang='lat' dir='ltr'>voluit</span> <span class='ocrx_word' id='word_1_18' title='bbox 742 685 787 749; x_wconf 82' lang='lat' dir='ltr'>tlt</span> <span class='ocrx_word' id='word_1_19' title='bbox 803 685 1024 773; x_wconf 73' lang='lat' dir='ltr'>Gumurnnus,</span> <span class='ocrx_word' id='word_1_20' title='bbox 1044 708 1125 753; x_wconf 88' lang='lat' dir='ltr'>cou-.</span> 
     </span>
     <span class='ocr_line' id='line_1_4' title="bbox 76 794 1125 880; baseline -0.004 -17"><span class='ocrx_word' id='word_1_21' title='bbox 76 795 221 868; x_wconf 86' lang='lat' dir='ltr'>ventibus</span> <span class='ocrx_word' id='word_1_22' title='bbox 240 816 408 880; x_wconf 91' lang='lat' dir='ltr'>uunquam</span> <span class='ocrx_word' id='word_1_23' title='bbox 435 815 504 860; x_wconf 90' lang='lat' dir='ltr'>non</span> <span class='ocrx_word' id='word_1_24' title='bbox 531 797 679 877; x_wconf 62' lang='lat' dir='ltr'>intentus</span> <span class='ocrx_word' id='word_1_25' title='bbox 707 794 850 880; x_wconf 85' lang='lat' dir='ltr'><strong>nihilque</strong></span> <span class='ocrx_word' id='word_1_26' title='bbox 876 799 1125 880; x_wconf 83' lang='lat' dir='ltr'>praetermittere</span> 
     </span>
     <span class='ocr_line' id='line_1_5' title="bbox 76 897 1128 1005; baseline -0.003 -36"><span class='ocrx_word' id='word_1_27' title='bbox 76 897 177 992; x_wconf 66' lang='lat' dir='ltr'>uolui,</span> <span class='ocrx_word' id='word_1_28' title='bbox 195 901 283 1005; x_wconf 89' lang='lat' dir='ltr'>quod</span> <span class='ocrx_word' id='word_1_29' title='bbox 302 901 356 969; x_wconf 87' lang='lat' dir='ltr'>vel</span> <span class='ocrx_word' id='word_1_30' title='bbox 376 901 485 967; x_wconf 86' lang='lat' dir='ltr'>studiis</span> <span class='ocrx_word' id='word_1_31' title='bbox 503 903 653 989; x_wconf 87' lang='lat' dir='ltr'>prodesse</span> <span class='ocrx_word' id='word_1_32' title='bbox 673 909 771 994; x_wconf 86' lang='lat' dir='ltr'>meis,</span> <span class='ocrx_word' id='word_1_33' title='bbox 781 926 790 966; x_wconf 58' lang='lat'>⁴.</span> <span class='ocrx_word' id='word_1_34' title='bbox 801 904 856 975; x_wconf 89' lang='lat' dir='ltr'>vel</span> <span class='ocrx_word' id='word_1_35' title='bbox 883 905 1020 973; x_wconf 90' lang='lat' dir='ltr'>aliorum</span> <span class='ocrx_word' id='word_1_36' title='bbox 1045 905 1128 980; x_wconf 85' lang='lat' dir='ltr'>mihi</span> 
     </span>
     <span class='ocr_line' id='line_1_6' title="bbox 76 1010 1128 1101; baseline -0.002 -24"><span class='ocrx_word' id='word_1_37' title='bbox 76 1014 220 1082; x_wconf 78' lang='lat' dir='ltr'>favorem</span> <span class='ocrx_word' id='word_1_38' title='bbox 238 1010 409 1076; x_wconf 86' lang='lat' dir='ltr'>conciliare</span> <span class='ocrx_word' id='word_1_39' title='bbox 423 1023 562 1097; x_wconf 85' lang='lat' dir='ltr'>poterat.</span> <span class='ocrx_word' id='word_1_40' title='bbox 603 1013 652 1078; x_wconf 90' lang='lat' dir='ltr'>Ac</span> <span class='ocrx_word' id='word_1_41' title='bbox 672 1037 748 1080; x_wconf 88' lang='lat' dir='ltr'>sane</span> <span class='ocrx_word' id='word_1_42' title='bbox 768 1035 826 1101; x_wconf 91' lang='lat' dir='ltr'>per</span> <span class='ocrx_word' id='word_1_43' title='bbox 844 1033 943 1091; x_wconf 87' lang='lat' dir='ltr'>omne</span> <span class='ocrx_word' id='word_1_44' title='bbox 955 1011 1033 1074; x_wconf 90' lang='lat' dir='ltr'>illud</span> <span class='ocrx_word' id='word_1_45' title='bbox 1042 1024 1128 1099; x_wconf 70' lang='lat' dir='ltr'>tem-¹</span> 
     </span>
     <span class='ocr_line' id='line_1_7' title="bbox 74 1117 1130 1211; baseline -0.005 -25"><span class='ocrx_word' id='word_1_46' title='bbox 74 1144 142 1211; x_wconf 81' lang='lat' dir='ltr'>pus,</span> <span class='ocrx_word' id='word_1_47' title='bbox 163 1119 251 1208; x_wconf 90' lang='lat' dir='ltr'>quod</span> <span class='ocrx_word' id='word_1_48' title='bbox 271 1117 460 1203; x_wconf 86' lang='lat' dir='ltr'>Goettingae</span> <span class='ocrx_word' id='word_1_49' title='bbox 478 1123 635 1208; x_wconf 86' lang='lat' dir='ltr'>transegi,</span> <span class='ocrx_word' id='word_1_50' title='bbox 660 1144 779 1209; x_wconf 85' lang='lat' dir='ltr'>magna</span> <span class='ocrx_word' id='word_1_51' title='bbox 798 1143 871 1199; x_wconf 78' lang='lat' dir='ltr'>usus</span> <span class='ocrx_word' id='word_1_52' title='bbox 888 1127 961 1184; x_wconf 89' lang='lat' dir='ltr'>&#39;sum</span> <span class='ocrx_word' id='word_1_53' title='bbox 983 1119 1130 1186; x_wconf 86' lang='lat' dir='ltr'>benevo-</span> 
     </span>
     <span class='ocr_line' id='line_1_8' title="bbox 75 1225 1130 1316; baseline 0 -22"><span class='ocrx_word' id='word_1_54' title='bbox 75 1233 172 1297; x_wconf 87' lang='lat' dir='ltr'>lentia</span> <span class='ocrx_word' id='word_1_55' title='bbox 191 1249 266 1290; x_wconf 90' lang='lat' dir='ltr'>cum</span> <span class='ocrx_word' id='word_1_56' title='bbox 285 1229 427 1292; x_wconf 91' lang='lat' dir='ltr'>universi</span> <span class='ocrx_word' id='word_1_57' title='bbox 452 1225 677 1316; x_wconf 81' lang='lat' dir='ltr'>theologorum</span> <span class='ocrx_word' id='word_1_58' title='bbox 704 1229 843 1316; x_wconf 77' lang='lat' dir='ltr'>ordinis,</span> <span class='ocrx_word' id='word_1_59' title='bbox 871 1239 941 1292; x_wconf 90' lang='lat' dir='ltr'>tum</span> <span class='ocrx_word' id='word_1_60' title='bbox 965 1228 1130 1296; x_wconf 75' lang='lat' dir='ltr'>Wsreurr</span> 
     </span>
     <span class='ocr_line' id='line_1_9' title="bbox 75 1332 1130 1427; baseline 0.003 -25"><span class='ocrx_word' id='word_1_61' title='bbox 75 1339 254 1426; x_wconf 86' lang='lat' dir='ltr'>praecipue,</span> <span class='ocrx_word' id='word_1_62' title='bbox 273 1332 413 1420; x_wconf 82' lang='lat' dir='ltr'>theologi</span> <span class='ocrx_word' id='word_1_63' title='bbox 431 1335 587 1422; x_wconf 86' lang='lat' dir='ltr'>primarii,</span> <span class='ocrx_word' id='word_1_64' title='bbox 602 1341 658 1402; x_wconf 89' lang='lat' dir='ltr'>cui</span> <span class='ocrx_word' id='word_1_65' title='bbox 678 1341 795 1403; x_wconf 80' lang='lat' dir='ltr'>exImio</span> <span class='ocrx_word' id='word_1_66' title='bbox 824 1338 917 1422; x_wconf 79' lang='lat' dir='ltr'>vim,</span> <span class='ocrx_word' id='word_1_67' title='bbox 950 1359 1046 1424; x_wconf 88' lang='lat' dir='ltr'>quern</span> <span class='ocrx_word' id='word_1_68' title='bbox 1070 1363 1130 1427; x_wconf 87' lang='lat' dir='ltr'>per</span> 
     </span>
     <span class='ocr_line' id='line_1_10' title="bbox 77 1441 1131 1531; baseline -0.002 -21"><span class='ocrx_word' id='word_1_69' title='bbox 77 1467 210 1511; x_wconf 90' lang='lat' dir='ltr'>omnem</span> <span class='ocrx_word' id='word_1_70' title='bbox 229 1447 332 1517; x_wconf 74' lang='lat' dir='ltr'>vitam</span> <span class='ocrx_word' id='word_1_71' title='bbox 350 1463 477 1506; x_wconf 91' lang='lat' dir='ltr'>summa</span> <span class='ocrx_word' id='word_1_72' title='bbox 495 1441 701 1511; x_wconf 89' lang='lat' dir='ltr'>observantia</span> <span class='ocrx_word' id='word_1_73' title='bbox 726 1458 820 1531; x_wconf 86' lang='lat' dir='ltr'>atque</span> <span class='ocrx_word' id='word_1_74' title='bbox 842 1464 955 1508; x_wconf 89' lang='lat' dir='ltr'>amore</span> <span class='ocrx_word' id='word_1_75' title='bbox 980 1449 1131 1530; x_wconf 89' lang='lat' dir='ltr'>prosequi</span> 
     </span>
     <span class='ocr_line' id='line_1_11' title="bbox 76 1547 1130 1639; baseline -0.002 -20"><span class='ocrx_word' id='word_1_76' title='bbox 76 1576 143 1620; x_wconf 90' lang='lat' dir='ltr'>uon</span> <span class='ocrx_word' id='word_1_77' title='bbox 166 1553 319 1638; x_wconf 81' lang='lat' dir='ltr'>desinam,</span> <span class='ocrx_word' id='word_1_78' title='bbox 336 1561 495 1636; x_wconf 85' lang='lat' dir='ltr'>quantum</span> <span class='ocrx_word' id='word_1_79' title='bbox 512 1547 582 1636; x_wconf 72' lang='lat' dir='ltr'>ipse</span> <span class='ocrx_word' id='word_1_80' title='bbox 603 1551 754 1639; x_wconf 81' lang='lat' dir='ltr'>debeam,</span> <span class='ocrx_word' id='word_1_81' title='bbox 783 1551 891 1619; x_wconf 87' lang='lat' dir='ltr'>verbis</span> <span class='ocrx_word' id='word_1_82' title='bbox 920 1554 1055 1638; x_wconf 85' lang='lat' dir='ltr'>exprimi</span> <span class='ocrx_word' id='word_1_83' title='bbox 1074 1558 1130 1620; x_wconf 83' lang='lat' dir='ltr'>vix</span> 
     </span>
     <span class='ocr_line' id='line_1_12' title="bbox 77 1659 1129 1749; baseline -0.002 -23"><span class='ocrx_word' id='word_1_84' title='bbox 77 1675 188 1749; x_wconf 84' lang='lat' dir='ltr'>potest.</span> <span class='ocrx_word' id='word_1_85' title='bbox 228 1659 319 1742; x_wconf 82' lang='lat' dir='ltr'>Nam</span> <span class='ocrx_word' id='word_1_86' title='bbox 333 1681 407 1724; x_wconf 87' lang='lat' dir='ltr'>nou</span> <span class='ocrx_word' id='word_1_87' title='bbox 422 1659 531 1722; x_wconf 84' lang='lat' dir='ltr'>solum</span> <span class='ocrx_word' id='word_1_88' title='bbox 550 1659 651 1725; x_wconf 84' lang='lat' dir='ltr'>libero</span> <span class='ocrx_word' id='word_1_89' title='bbox 670 1685 725 1727; x_wconf 90' lang='lat' dir='ltr'>me</span> <span class='ocrx_word' id='word_1_90' title='bbox 744 1662 784 1725; x_wconf 91' lang='lat' dir='ltr'>ad</span> <span class='ocrx_word' id='word_1_91' title='bbox 793 1661 906 1747; x_wconf 90' lang='lat' dir='ltr'>Ipsum</span> <span class='ocrx_word' id='word_1_92' title='bbox 914 1679 1038 1724; x_wconf 90' lang='lat' dir='ltr'>accessu</span> <span class='ocrx_word' id='word_1_93' title='bbox 1047 1682 1129 1746; x_wconf 88' lang='lat' dir='ltr'>quo-</span> 
     </span>
     <span class='ocr_line' id='line_1_13' title="bbox 79 1767 1131 1857; baseline -0.005 -20"><span class='ocrx_word' id='word_1_94' title='bbox 79 1774 126 1838; x_wconf 76' lang='lat' dir='ltr'>v1s</span> <span class='ocrx_word' id='word_1_95' title='bbox 146 1783 292 1855; x_wconf 89' lang='lat' dir='ltr'>tempore</span> <span class='ocrx_word' id='word_1_96' title='bbox 309 1772 360 1831; x_wconf 90' lang='lat' dir='ltr'>uti</span> <span class='ocrx_word' id='word_1_97' title='bbox 378 1768 482 1833; x_wconf 89' lang='lat' dir='ltr'>voluit</span> <span class='ocrx_word' id='word_1_98' title='bbox 498 1771 704 1856; x_wconf 75' lang='lat' dir='ltr'>consiliisque</span> <span class='ocrx_word' id='word_1_99' title='bbox 723 1772 917 1857; x_wconf 77' lang='lat' dir='ltr'>graVIssimis</span> <span class='ocrx_word' id='word_1_100' title='bbox 937 1767 1040 1832; x_wconf 89' lang='lat' dir='ltr'>studia</span> <span class='ocrx_word' id='word_1_101' title='bbox 1057 1791 1131 1832; x_wconf 88' lang='lat' dir='ltr'>mea</span> 
     </span>
     <span class='ocr_line' id='line_1_14' title="bbox 79 1875 1131 1961; baseline -0.006 -18"><span class='ocrx_word' id='word_1_102' title='bbox 79 1881 172 1944; x_wconf 84' lang='lat' dir='ltr'>rexit:</span> <span class='ocrx_word' id='word_1_103' title='bbox 192 1877 254 1944; x_wconf 90' lang='lat' dir='ltr'>sed·</span> <span class='ocrx_word' id='word_1_104' title='bbox 267 1880 365 1941; x_wconf 84' lang='lat' dir='ltr'>etiam</span> <span class='ocrx_word' id='word_1_105' title='bbox 382 1889 451 1947; x_wconf 80' lang='lat' dir='ltr'>tam</span> <span class='ocrx_word' id='word_1_106' title='bbox 468 1877 706 1954; x_wconf 77' lang='lat' dir='ltr'>honorificede</span> <span class='ocrx_word' id='word_1_107' title='bbox 725 1900 779 1941; x_wconf 89' lang='lat' dir='ltr'>me</span> <span class='ocrx_word' id='word_1_108' title='bbox 799 1880 912 1961; x_wconf 91' lang='lat' dir='ltr'>sensit,</span> <span class='ocrx_word' id='word_1_109' title='bbox 938 1889 973 1938; x_wconf 90' lang='lat' dir='ltr'>ut</span> <span class='ocrx_word' id='word_1_110' title='bbox 994 1875 1032 1938; x_wconf 91' lang='lat' dir='ltr'>de</span> <span class='ocrx_word' id='word_1_111' title='bbox 1055 1899 1131 1953; x_wconf 89' lang='lat' dir='ltr'>mu-</span> 
     </span>
     <span class='ocr_line' id='line_1_15' title="bbox 80 1984 1131 2071; baseline -0.007 -18"><span class='ocrx_word' id='word_1_112' title='bbox 80 2012 154 2054; x_wconf 88' lang='lat' dir='ltr'>nere</span> <span class='ocrx_word' id='word_1_113' title='bbox 182 1986 363 2051; x_wconf 87' lang='lat' dir='ltr'>academico</span> <span class='ocrx_word' id='word_1_114' title='bbox 395 1987 477 2070; x_wconf 79' lang='lat' dir='ltr'>mlhi</span> <span class='ocrx_word' id='word_1_115' title='bbox 505 1986 646 2053; x_wconf 90' lang='lat' dir='ltr'>curando</span> <span class='ocrx_word' id='word_1_116' title='bbox 671 1991 757 2052; x_wconf 92' lang='lat' dir='ltr'>serio</span> <span class='ocrx_word' id='word_1_117' title='bbox 786 1989 947 2071; x_wconf 82' lang='lat' dir='ltr'>cogitaret.</span> <span class='ocrx_word' id='word_1_118' title='bbox 990 1984 1131 2071; x_wconf 87' lang='lat' dir='ltr'>Etenim,</span> 
     </span>
     <span class='ocr_line' id='line_1_16' title="bbox 81 2091 1133 2183; baseline -0.005 -22"><span class='ocrx_word' id='word_1_119' title='bbox 81 2119 153 2161; x_wconf 93' lang='lat' dir='ltr'>cum</span> <span class='ocrx_word' id='word_1_120' title='bbox 172 2107 244 2182; x_wconf 90' lang='lat' dir='ltr'>post</span> <span class='ocrx_word' id='word_1_121' title='bbox 263 2098 379 2180; x_wconf 84' lang='lat' dir='ltr'>optimi</span> <span class='ocrx_word' id='word_1_122' title='bbox 397 2100 535 2181; x_wconf 90' lang='lat' dir='ltr'>parentis</span> <span class='ocrx_word' id='word_1_123' title='bbox 555 2095 688 2183; x_wconf 89' lang='lat' dir='ltr'>obitum,</span> <span class='ocrx_word' id='word_1_124' title='bbox 711 2098 766 2181; x_wconf 93' lang='lat' dir='ltr'>qui</span> <span class='ocrx_word' id='word_1_125' title='bbox 784 2097 913 2180; x_wconf 86' lang='lat' dir='ltr'>contigit</span> <span class='ocrx_word' id='word_1_126' title='bbox 925 2100 1035 2157; x_wconf 83' lang='lat' dir='ltr'>mense</span> <span class='ocrx_word' id='word_1_127' title='bbox 1046 2091 1133 2178; x_wconf 87' lang='lat' dir='ltr'>Sept.</span> 
     </span>
     <span class='ocr_line' id='line_1_17' title="bbox 82 2203 1131 2291; baseline -0.003 -20"><span class='ocrx_word' id='word_1_128' title='bbox 82 2229 131 2272; x_wconf 89' lang='lat' dir='ltr'>an.</span> <span class='ocrx_word' id='word_1_129' title='bbox 151 2205 296 2291; x_wconf 87' lang='lat' dir='ltr'>LXVII,</span> <span class='ocrx_word' id='word_1_130' title='bbox 318 2209 463 2269; x_wconf 87' lang='lat' dir='ltr'>animum</span> <span class='ocrx_word' id='word_1_131' title='bbox 483 2204 678 2269; x_wconf 83' lang='lat' dir='ltr'>induxissem</span> <span class='ocrx_word' id='word_1_132' title='bbox 698 2205 739 2269; x_wconf 95' lang='lat' dir='ltr'>ad</span> <span class='ocrx_word' id='word_1_133' title='bbox 758 2209 819 2268; x_wconf 89' lang='lat' dir='ltr'>iter</span> <span class='ocrx_word' id='word_1_134' title='bbox 835 2203 1013 2267; x_wconf 83' lang='lat' dir='ltr'>litterarum</span> <span class='ocrx_word' id='word_1_135' title='bbox 1038 2224 1131 2268; x_wconf 83' lang='lat' dir='ltr'>causa</span> 
     </span>
     <span class='ocr_line' id='line_1_18' title="bbox 82 2311 1131 2399; baseline -0.007 -20"><span class='ocrx_word' id='word_1_136' title='bbox 82 2329 168 2380; x_wconf 83' lang='lat' dir='ltr'>extra</span> <span class='ocrx_word' id='word_1_137' title='bbox 181 2314 391 2379; x_wconf 88' lang='lat' dir='ltr'>Germaniam</span> <span class='ocrx_word' id='word_1_138' title='bbox 411 2312 601 2398; x_wconf 88' lang='lat' dir='ltr'>faciendum,</span> <span class='ocrx_word' id='word_1_139' title='bbox 620 2313 716 2399; x_wconf 89' lang='lat' dir='ltr'>idque</span> <span class='ocrx_word' id='word_1_140' title='bbox 725 2313 908 2398; x_wconf 70' lang='lat' dir='ltr'>Wircmo,</span> <span class='ocrx_word' id='word_1_141' title='bbox 928 2311 1043 2376; x_wconf 89' lang='lat' dir='ltr'>fautori</span> <span class='ocrx_word' id='word_1_142' title='bbox 1056 2330 1131 2372; x_wconf 92' lang='lat' dir='ltr'>meo</span> 
     </span>
     <span class='ocr_line' id='line_1_19' title="bbox 83 2420 1133 2510; baseline 0 -23"><span class='ocrx_word' id='word_1_143' title='bbox 83 2425 235 2509; x_wconf 78' lang='lat' dir='ltr'>maximo,</span> <span class='ocrx_word' id='word_1_144' title='bbox 255 2420 483 2510; x_wconf 83' lang='lat' dir='ltr'>significarem3</span> <span class='ocrx_word' id='word_1_145' title='bbox 502 2420 650 2507; x_wconf 89' lang='lat' dir='ltr'>probavit</span> <span class='ocrx_word' id='word_1_146' title='bbox 670 2421 800 2508; x_wconf 89' lang='lat' dir='ltr'>quidem</span> <span class='ocrx_word' id='word_1_147' title='bbox 820 2421 1025 2490; x_wconf 88' lang='lat' dir='ltr'>vehementer</span> <span class='ocrx_word' id='word_1_148' title='bbox 1050 2423 1133 2486; x_wconf 90' lang='lat' dir='ltr'>istud</span> 
     </span>
     <span class='ocr_line' id='line_1_20' title="bbox 82 2530 1134 2618; baseline 0 -21"><span class='ocrx_word' id='word_1_149' title='bbox 82 2535 294 2618; x_wconf 85' lang='lat' dir='ltr'>propositum,</span> <span class='ocrx_word' id='word_1_150' title='bbox 314 2530 369 2595; x_wconf 90' lang='lat' dir='ltr'>sed</span> <span class='ocrx_word' id='word_1_151' title='bbox 396 2531 777 2617; x_wconf 62' lang='lat' dir='ltr'>simul,mentemssuam</span> <span class='ocrx_word' id='word_1_152' title='bbox 804 2531 844 2595; x_wconf 90' lang='lat' dir='ltr'>de</span> <span class='ocrx_word' id='word_1_153' title='bbox 869 2553 924 2595; x_wconf 89' lang='lat' dir='ltr'>me</span> <span class='ocrx_word' id='word_1_154' title='bbox 943 2531 1134 2618; x_wconf 88' lang='lat' dir='ltr'>Goettingae</span> 
     </span>
     <span class='ocr_line' id='line_1_21' title="bbox 81 2635 1134 2727; baseline 0 -22"><span class='ocrx_word' id='word_1_155' title='bbox 81 2639 247 2705; x_wconf 88' lang='lat' dir='ltr'>retinendo</span> <span class='ocrx_word' id='word_1_156' title='bbox 275 2638 503 2716; x_wconf 82' lang='lat' dir='ltr'>humanissime</span> <span class='ocrx_word' id='word_1_157' title='bbox 531 2635 613 2699; x_wconf 90' lang='lat' dir='ltr'>mihi</span> <span class='ocrx_word' id='word_1_158' title='bbox 639 2643 774 2727; x_wconf 82' lang='lat' dir='ltr'>aperuit.</span> <span class='ocrx_word' id='word_1_159' title='bbox 829 2639 942 2725; x_wconf 84' lang='lat' dir='ltr'>Itaque</span> <span class='ocrx_word' id='word_1_160' title='bbox 970 2652 1134 2726; x_wconf 85' lang='lat' dir='ltr'>tantopere</span> 
     </span>
    </p>
   </div>
   <div class='ocr_carea' id='block_1_3' title="bbox 82 2747 1254 2836">
    <p class='ocr_par' dir='ltr' id='par_1_3' title="bbox 82 2747 1254 2836">
     <span class='ocr_line' id='line_1_22' title="bbox 82 2747 1254 2836; baseline 0 -21"><span class='ocrx_word' id='word_1_161' title='bbox 82 2774 136 2815; x_wconf 88' lang='lat' dir='ltr'>me</span> <span class='ocrx_word' id='word_1_162' title='bbox 153 2747 395 2834; x_wconf 80' lang='lat' dir='ltr'>commendavit</span> <span class='ocrx_word' id='word_1_163' title='bbox 413 2747 650 2836; x_wconf 82' lang='lat' dir='ltr'>Muucurrusro,</span> <span class='ocrx_word' id='word_1_164' title='bbox 677 2765 712 2815; x_wconf 92' lang='lat' dir='ltr'>ut</span> <span class='ocrx_word' id='word_1_165' title='bbox 732 2748 926 2836; x_wconf 87' lang='lat' dir='ltr'>stipendium</span> <span class='ocrx_word' id='word_1_166' title='bbox 947 2771 1073 2835; x_wconf 91' lang='lat' dir='ltr'>quoque</span> <span class='ocrx_word' id='word_1_167' title='bbox 1092 2752 1135 2815; x_wconf 91' lang='lat' dir='ltr'>ad</span> <span class='ocrx_word' id='word_1_168' title='bbox 1223 2803 1227 2811; x_wconf 39' lang='lat' dir='ltr'><em>s</em></span> <span class='ocrx_word' id='word_1_169' title='bbox 1251 2797 1254 2804; x_wconf 79' lang='lat'>,</span> 
     </span>
    </p>
   </div>
   <div class='ocr_carea' id='block_1_4' title="bbox 83 2857 1137 4032">
    <p class='ocr_par' dir='ltr' id='par_1_4' title="bbox 83 2857 1137 3819">
     <span class='ocr_line' id='line_1_23' title="bbox 84 2857 1135 2945; baseline -0.001 -21"><span class='ocrx_word' id='word_1_170' title='bbox 84 2858 276 2924; x_wconf 90' lang='lat' dir='ltr'>minuendos</span> <span class='ocrx_word' id='word_1_171' title='bbox 294 2857 500 2944; x_wconf 86' lang='lat' dir='ltr'>profectionis</span> <span class='ocrx_word' id='word_1_172' title='bbox 517 2870 641 2922; x_wconf 83' lang='lat' dir='ltr'>sumtus</span> <span class='ocrx_word' id='word_1_173' title='bbox 659 2882 718 2945; x_wconf 92' lang='lat' dir='ltr'>per</span> <span class='ocrx_word' id='word_1_174' title='bbox 736 2858 904 2924; x_wconf 90' lang='lat' dir='ltr'>biennium</span> <span class='ocrx_word' id='word_1_175' title='bbox 917 2857 1135 2925; x_wconf 83' lang='lat' dir='ltr'>mihisolveu-</span> 
     </span>
     <span class='ocr_line' id='line_1_24' title="bbox 83 2965 1131 3055; baseline -0.004 -21"><span class='ocrx_word' id='word_1_176' title='bbox 83 2970 163 3034; x_wconf 91' lang='lat' dir='ltr'>dum</span> <span class='ocrx_word' id='word_1_177' title='bbox 182 2981 294 3054; x_wconf 82' lang='lat' dir='ltr'>sponte</span> <span class='ocrx_word' id='word_1_178' title='bbox 315 2988 371 3032; x_wconf 89' lang='lat' dir='ltr'>sua</span> <span class='ocrx_word' id='word_1_179' title='bbox 392 2965 522 3030; x_wconf 51' lang='lat' dir='ltr'>¹offerret</span> <span class='ocrx_word' id='word_1_180' title='bbox 552 2967 631 3031; x_wconf 86' lang='lat' dir='ltr'>alter</span> <span class='ocrx_word' id='word_1_181' title='bbox 657 2969 710 3032; x_wconf 90' lang='lat' dir='ltr'>ille</span> <span class='ocrx_word' id='word_1_182' title='bbox 737 2968 916 3050; x_wconf 89' lang='lat' dir='ltr'>Maecenas,</span> <span class='ocrx_word' id='word_1_183' title='bbox 936 2966 1131 3055; x_wconf 83' lang='lat' dir='ltr'>juberetque,</span> 
     </span>
     <span class='ocr_line' id='line_1_25' title="bbox 84 3075 1136 3166; baseline -0.006 -22"><span class='ocrx_word' id='word_1_184' title='bbox 84 3078 307 3166; x_wconf 86' lang='lat' dir='ltr'>theologorum</span> <span class='ocrx_word' id='word_1_185' title='bbox 333 3075 501 3162; x_wconf 85' lang='lat' dir='ltr'>collegium</span> <span class='ocrx_word' id='word_1_186' title='bbox 526 3096 621 3140; x_wconf 89' lang='lat' dir='ltr'>suum</span> <span class='ocrx_word' id='word_1_187' title='bbox 640 3075 680 3140; x_wconf 90' lang='lat' dir='ltr'>de</span> <span class='ocrx_word' id='word_1_188' title='bbox 699 3099 754 3138; x_wconf 89' lang='lat' dir='ltr'>me</span> <span class='ocrx_word' id='word_1_189' title='bbox 773 3075 875 3161; x_wconf 91' lang='lat' dir='ltr'>deque</span> <span class='ocrx_word' id='word_1_190' title='bbox 889 3075 961 3137; x_wconf 92' lang='lat' dir='ltr'>loco</span> <span class='ocrx_word' id='word_1_191' title='bbox 981 3087 1053 3160; x_wconf 91' lang='lat' dir='ltr'>post</span> <span class='ocrx_word' id='word_1_192' title='bbox 1079 3098 1136 3138; x_wconf 84' lang='lat' dir='ltr'>re-</span> 
     </span>
     <span class='ocr_line' id='line_1_26' title="bbox 84 3182 1136 3271; baseline -0.005 -20"><span class='ocrx_word' id='word_1_193' title='bbox 84 3189 189 3252; x_wconf 87' lang='lat' dir='ltr'>ditum</span> <span class='ocrx_word' id='word_1_194' title='bbox 209 3183 380 3258; x_wconf 84' lang='lat' dir='ltr'>commode</span> <span class='ocrx_word' id='word_1_195' title='bbox 398 3182 480 3247; x_wconf 89' lang='lat' dir='ltr'>mihi</span> <span class='ocrx_word' id='word_1_196' title='bbox 496 3185 687 3271; x_wconf 86' lang='lat' dir='ltr'>assignando</span> <span class='ocrx_word' id='word_1_197' title='bbox 702 3184 857 3271; x_wconf 84' lang='lat' dir='ltr'>judicium</span> <span class='ocrx_word' id='word_1_198' title='bbox 871 3203 1046 3269; x_wconf 82' lang='lat' dir='ltr'>exponere:</span> <span class='ocrx_word' id='word_1_199' title='bbox 1069 3205 1136 3269; x_wconf 91' lang='lat' dir='ltr'>quo</span> 
     </span>
     <span class='ocr_line' id='line_1_27' title="bbox 84 3290 1136 3381; baseline -0.005 -20"><span class='ocrx_word' id='word_1_200' title='bbox 84 3299 167 3361; x_wconf 88' lang='lat' dir='ltr'>facto</span> <span class='ocrx_word' id='word_1_201' title='bbox 188 3294 321 3380; x_wconf 84' lang='lat' dir='ltr'>dignum</span> <span class='ocrx_word' id='word_1_202' title='bbox 339 3315 393 3356; x_wconf 89' lang='lat' dir='ltr'>me</span> <span class='ocrx_word' id='word_1_203' title='bbox 408 3291 459 3354; x_wconf 87' lang='lat' dir='ltr'>illi</span> <span class='ocrx_word' id='word_1_204' title='bbox 477 3290 671 3379; x_wconf 82' lang='lat' dir='ltr'>judicarunt,</span> <span class='ocrx_word' id='word_1_205' title='bbox 699 3301 754 3381; x_wconf 91' lang='lat' dir='ltr'>qui</span> <span class='ocrx_word' id='word_1_206' title='bbox 780 3294 901 3358; x_wconf 85' lang='lat' dir='ltr'>Facult.</span> <span class='ocrx_word' id='word_1_207' title='bbox 927 3293 1025 3358; x_wconf 85' lang='lat' dir='ltr'>theol.</span> <span class='ocrx_word' id='word_1_208' title='bbox 1063 3293 1136 3356; x_wconf 84' lang='lat' dir='ltr'>Ad-</span> 
     </span>
     <span class='ocr_line' id='line_1_28' title="bbox 84 3401 1137 3493; baseline -0.004 -25"><span class='ocrx_word' id='word_1_209' title='bbox 84 3408 186 3493; x_wconf 89' lang='lat' dir='ltr'>juncti</span> <span class='ocrx_word' id='word_1_210' title='bbox 206 3401 333 3466; x_wconf 86' lang='lat' dir='ltr'>titulum</span> <span class='ocrx_word' id='word_1_211' title='bbox 362 3414 393 3465; x_wconf 87' lang='lat' dir='ltr'>et</span> <span class='ocrx_word' id='word_1_212' title='bbox 418 3420 536 3464; x_wconf 91' lang='lat' dir='ltr'>munus</span> <span class='ocrx_word' id='word_1_213' title='bbox 562 3406 714 3493; x_wconf 82' lang='lat' dir='ltr'>sustinere</span> <span class='ocrx_word' id='word_1_214' title='bbox 739 3425 876 3492; x_wconf 90' lang='lat' dir='ltr'>possem.</span> <span class='ocrx_word' id='word_1_215' title='bbox 925 3401 1052 3466; x_wconf 85' lang='lat' dir='ltr'>Verum</span> <span class='ocrx_word' id='word_1_216' title='bbox 1078 3407 1137 3465; x_wconf 83' lang='lat' dir='ltr'>ista</span> 
     </span>
     <span class='ocr_line' id='line_1_29' title="bbox 86 3504 1136 3598; baseline -0.005 -19"><span class='ocrx_word' id='word_1_217' title='bbox 86 3537 136 3579; x_wconf 90' lang='lat' dir='ltr'>res</span> <span class='ocrx_word' id='word_1_218' title='bbox 156 3533 298 3585; x_wconf 84' lang='lat' dir='ltr'>successu</span> <span class='ocrx_word' id='word_1_219' title='bbox 319 3513 428 3597; x_wconf 86' lang='lat' dir='ltr'>caruit,</span> <span class='ocrx_word' id='word_1_220' title='bbox 447 3509 533 3594; x_wconf 92' lang='lat' dir='ltr'>quod</span> <span class='ocrx_word' id='word_1_221' title='bbox 552 3511 620 3596; x_wconf 90' lang='lat' dir='ltr'>ipse</span> <span class='ocrx_word' id='word_1_222' title='bbox 640 3504 758 3577; x_wconf 81' lang='lat' dir='ltr'>nexum</span> <span class='ocrx_word' id='word_1_223' title='bbox 778 3536 853 3581; x_wconf 91' lang='lat' dir='ltr'>cum</span> <span class='ocrx_word' id='word_1_224' title='bbox 872 3513 990 3598; x_wconf 87' lang='lat' dir='ltr'>patria,</span> <span class='ocrx_word' id='word_1_225' title='bbox 1009 3523 1041 3575; x_wconf 89' lang='lat' dir='ltr'>et</span> <span class='ocrx_word' id='word_1_226' title='bbox 1059 3515 1136 3576; x_wconf 85' lang='lat' dir='ltr'>vin-</span> 
     </span>
     <span class='ocr_line' id='line_1_30' title="bbox 88 3615 1136 3708; baseline -0.007 -19"><span class='ocrx_word' id='word_1_227' title='bbox 88 3625 169 3704; x_wconf 84' lang='lat' dir='ltr'>cula,</span> <span class='ocrx_word' id='word_1_228' title='bbox 190 3619 302 3708; x_wconf 88' lang='lat' dir='ltr'>quibus</span> <span class='ocrx_word' id='word_1_229' title='bbox 322 3641 395 3682; x_wconf 92' lang='lat' dir='ltr'>cum</span> <span class='ocrx_word' id='word_1_230' title='bbox 416 3639 452 3695; x_wconf 81' lang='lat' dir='ltr'>ea</span> <span class='ocrx_word' id='word_1_231' title='bbox 473 3615 515 3680; x_wconf 94' lang='lat' dir='ltr'>ob</span> <span class='ocrx_word' id='word_1_232' title='bbox 534 3631 655 3684; x_wconf 89' lang='lat' dir='ltr'>sumtus</span> <span class='ocrx_word' id='word_1_233' title='bbox 674 3621 816 3705; x_wconf 91' lang='lat' dir='ltr'>publicos</span> <span class='ocrx_word' id='word_1_234' title='bbox 835 3625 932 3687; x_wconf 92' lang='lat' dir='ltr'>inme</span> <span class='ocrx_word' id='word_1_235' title='bbox 945 3622 1041 3685; x_wconf 82' lang='lat' dir='ltr'>factos</span> <span class='ocrx_word' id='word_1_236' title='bbox 1055 3641 1136 3683; x_wconf 87' lang='lat' dir='ltr'>con-</span> 
     </span>
     <span class='ocr_line' id='line_1_31' title="bbox 86 3688 814 3819; baseline -0.007 -21"><span class='ocrx_word' id='word_1_237' title='bbox 86 3737 201 3819; x_wconf 88' lang='lat' dir='ltr'>tineor,</span> <span class='ocrx_word' id='word_1_238' title='bbox 221 3751 370 3815; x_wconf 88' lang='lat' dir='ltr'>rumpere</span> <span class='ocrx_word' id='word_1_239' title='bbox 388 3688 534 3814; x_wconf 76' lang='lat' dir='ltr'>religioni</span> <span class='ocrx_word' id='word_1_240' title='bbox 550 3725 632 3790; x_wconf 87' lang='lat' dir='ltr'>mihi</span> <span class='ocrx_word' id='word_1_241' title='bbox 650 3727 814 3793; x_wconf 86' lang='lat' dir='ltr'>ducebam.</span> 
     </span>
    </p>

    <p class='ocr_par' dir='ltr' id='par_1_5' title="bbox 88 3836 1136 4032">
     <span class='ocr_line' id='line_1_32' title="bbox 174 3836 1136 3923; baseline -0.005 -19"><span class='ocrx_word' id='word_1_242' title='bbox 174 3838 346 3922; x_wconf 85' lang='lat' dir='ltr'>Goettinga</span> <span class='ocrx_word' id='word_1_243' title='bbox 365 3837 480 3923; x_wconf 88' lang='lat' dir='ltr'>igitur,</span> <span class='ocrx_word' id='word_1_244' title='bbox 507 3848 578 3919; x_wconf 87' lang='lat' dir='ltr'>post</span> <span class='ocrx_word' id='word_1_245' title='bbox 598 3850 742 3901; x_wconf 80' lang='lat' dir='ltr'>exactum</span> <span class='ocrx_word' id='word_1_246' title='bbox 768 3836 814 3900; x_wconf 92' lang='lat' dir='ltr'>ibi</span> <span class='ocrx_word' id='word_1_247' title='bbox 842 3858 910 3902; x_wconf 90' lang='lat' dir='ltr'>non</span> <span class='ocrx_word' id='word_1_248' title='bbox 937 3839 1005 3901; x_wconf 90' lang='lat' dir='ltr'>sine</span> <span class='ocrx_word' id='word_1_249' title='bbox 1033 3838 1136 3900; x_wconf 79' lang='lat' dir='ltr'>multo</span> 
     </span>
     <span class='ocr_line' id='line_1_33' title="bbox 88 3941 1136 4032; baseline -0.004 -20"><span class='ocrx_word' id='word_1_250' title='bbox 88 3947 191 4012; x_wconf 83' lang='lat' dir='ltr'>fructu</span> <span class='ocrx_word' id='word_1_251' title='bbox 211 3946 386 4030; x_wconf 88' lang='lat' dir='ltr'>biennium,</span> <span class='ocrx_word' id='word_1_252' title='bbox 405 3966 480 4007; x_wconf 88' lang='lat' dir='ltr'>cum</span> <span class='ocrx_word' id='word_1_253' title='bbox 501 3941 677 4006; x_wconf 88' lang='lat' dir='ltr'>honorifico</span> <span class='ocrx_word' id='word_1_254' title='bbox 710 3967 784 4012; x_wconf 87' lang='lat' dir='ltr'>ven.</span> <span class='ocrx_word' id='word_1_255' title='bbox 804 3945 969 4010; x_wconf 76' lang='lat' dir='ltr'>Facultads</span> <span class='ocrx_word' id='word_1_256' title='bbox 999 3945 1136 4032; x_wconf 82' lang='lat' dir='ltr'>theolog.</span> 
     </span>
    </p>
   </div>
   <div class='ocr_carea' id='block_1_5' title="bbox 0 0 1408 5124">
    <p class='ocr_par' dir='ltr' id='par_1_6' title="bbox 0 0 1408 5124">
     <span class='ocr_line' id='line_1_34' title="bbox 0 0 1408 5124; baseline 0 0"><span class='ocrx_word' id='word_1_257' title='bbox 0 0 1408 5124; x_wconf 95' lang='lat' dir='ltr'> </span> 
     </span>
    </p>
   </div>
  </div>
 </body>
</html>
