2776 5124
271 428 331 492 176
551 423 765 489 Pnornssonrs
786 422 1019 489 Onnurnnun

268 593 356 655 tione
384 599 494 654 contra
519 583 602 650 Lud.
628 584 811 675 Capellum,
844 585 887 651 Is.
914 585 1082 666 Vossium,
1115 583 1320 656 Waltonu'm

269 719 445 783 eorumque
465 695 610 783 asseclas,
636 717 700 781 quo
719 694 855 780 probare
875 694 1036 777 sustinuit,
1059 696 1225 783 varietates
1244 702 1323 763 istas

267 805 410 870 lectionis
428 825 532 889 neque
551 826 589 867 ex
608 803 740 870 diversis
753 801 957 866 librariorum
971 799 1141 890 codicibus,
1156 787 1265 892 neque
1280 797 1321 873 ex

268 917 375 978 critico
395 911 650 977 Masoretharum
669 914 833 998 acumine,
862 909 918 976 scd
937 933 976 974 cx
996 909 1118 974 duobus
1138 913 1192 980 vel
1212 915 1321 1001 pluri-

266 1021 327 1088 bus
346 1020 574 1108 exemplaribus
593 1019 633 1084 ab
652 1024 721 1106 ipso
741 1019 857 1106 Esdra,
884 1024 957 1087 viro
979 1021 1210 1113 θεοπνευστῳ,
1239 1045 1321 1087 υκαι

267 1134 344 1197 ratis
368 1143 490 1217 enatas,
519 1129 660 1214 adeoque
681 1149 793 1193 omnes
812 1133 965 1215 genuinas
986 1151 1051 1192 esse
1072 1143 1166 1215 atque
1187 1131 1320 1199 divinae

269 1241 414 1325 originis:
450 1248 599 1322 tantoque
628 1257 702 1297 cum
726 1235 840 1321 plausu
866 1248 1011 1321 exceptus
1038 1248 1085 1301 est
1112 1237 1163 1301 hic
1191 1240 1273 1306 liber
1294 1265 1315 1306 a

269 1347 393 1431 multis,
419 1359 455 1409 ut
474 1342 713 1430 Wagenseilius
733 1345 847 1429 etiam,
873 1346 926 1408 vir
945 1347 1055 1431 magni
1074 1357 1150 1410 tunc
1165 1355 1319 1440 nominis,

267 1452 481 1543 profiteretur,
508 1473 541 1516 se
561 1450 696 1516 firmiter
714 1473 899 1538 persuasum
922 1472 1001 1538 esse,
1030 1474 1099 1517 non
1120 1459 1187 1520 sine
1206 1457 1317 1522 afflatu

268 1564 375 1649 aliquo
400 1561 610 1627 divinotalia
634 1565 754 1625 auctori
779 1565 814 1624 in
839 1572 982 1622 mentem
1009 1567 1148 1649 venisse,
1177 1586 1318 1654 eumque

268 1694 370 1737 unum
400 1670 543 1734 laborem
571 1691 731 1756 superasse
757 1666 1013 1732 Masoretharum
1046 1677 1210 1758 omnium,
1249 1676 1318 1743 aliie

268 1784 402 1846 omnino
423 1780 512 1844 aliter
532 1777 747 1866 sentientibus,
768 1799 903 1862 eamque
920 1775 1111 1864 hypothesin
1127 1785 1316 1873 precariam,

267 1889 424 1975 nullisque
447 1887 620 1952 rationibus
642 1885 802 1952 suffultam
822 1884 1081 1953 existimantibus.
1131 1886 1317 1957 Successore

266 1995 341 2061 libri
368 1999 508 2060 minores
535 1995 706 2086 academici
735 1994 929 2080 complures,
961 2015 1098 2080 quorum
1125 2002 1316 2085 praecipuos

266 2118 375 2194 postea
397 2107 530 2191 junctim
561 2104 659 2171 edidit
686 2117 812 2191 auctor,
839 2099 978 2166 adhibita
997 2105 1202 2189 inscriptione
1222 2109 1315 2194 Syn.

269 2225 449 2301 tagmatum
471 2211 788 2275 hermencuticorum.
830 2209 1072 2276 Onomasticum
1087 2233 1219 2277 sacrum
1239 2215 1318 2283 vul-

268 2325 357 2409 gavit
381 2340 466 2384 anno
486 2320 586 2382 nostri
609 2317 725 2382 saeculi
747 2331 851 2406 sexto,
880 2316 967 2405 quod
985 2317 1115 2385 Wolfio
1139 2321 1247 2406 judice
1273 2328 1316 2389 ita

271 2439 489 2513 comparatum
508 2439 571 2514 est,
595 2439 631 2490 ut
648 2426 776 2514 reliquis
796 2429 960 2514 omnibus,
983 2431 1039 2514 qui
1058 2426 1120 2492 hoc
1139 2451 1317 2518 argumen-

179 2592 194 2615 t,
269 2551 340 2601 tum
364 2547 550 2622 tractarunt,
579 2535 722 2622 pabnam
742 2539 949 2623 praeripuisse
968 2535 1108 2601 Hillerus
1130 2544 1316 2608 existinan-

272 2645 330 2710 dus
350 2648 399 2710 sit.
438 2644 543 2709 Porro
563 2667 637 2708 cum
657 2644 758 2709 multa
777 2643 899 2707 dudum
919 2642 1121 2710 desiderasset
1134 2649 1169 2710 in
1185 2647 1316 2714 hebrai·

270 2757 315 2819 cis
338 2757 566 2841 grammaticis,
599 2757 665 2843 ipse
688 2775 767 2842 opus
792 2753 953 2841 adgressus
977 2753 1122 2842 difficile,
1150 2758 1316 2846 evulgavit

271 2860 490 2924 institutiones
515 2861 645 2948 liuguae
670 2875 815 2946 sanctae,
847 2863 966 2950 quibus
980 2864 1124 2951 analogia
1144 2865 1316 2931 hebraismi

270 2966 312 3031 ad
340 2966 454 3034 breves
482 2968 669 3058 easdemque
696 2973 855 3058 generales
883 2983 915 3035 et
939 2973 1034 3036 nullis
1061 2972 1231 3058 impeditas
1257 2997 1315 3039 ex-

270 3073 464 3161 ceptionibus
488 3077 611 3163 regulas
635 3091 817 3163 revocatur,
850 3085 1007 3168 novisque
1027 3081 1314 3170 observationibus,

271 3205 351 3269 quae
374 3183 621 3271 ascriptoribus
641 3191 715 3253 artis
734 3189 863 3275 tradita,
891 3188 1134 3276 locupletantem
1168 3191 1317 3260 easdem-

212 3367 222 3385 ,
268 3313 331 3378 que
354 3295 421 3377 ipse
441 3296 475 3356 in
495 3296 720 3381 compendium
738 3297 878 3362 redactas
899 3300 1015 3361 iterum
1040 3297 1137 3362 edidit
1152 3321 1240 3364 anno
1261 3304 1316 3364 in-

268 3403 422 3486 sequenti.
461 3400 663 3484 Palmarium¹
680 3412 759 3471 vero
784 3407 850 3491 ejus
871 3426 950 3490 opus
970 3415 1016 3468 est
1040 3403 1316 3492 Hierophyticon,

269 3527 305 3589 s,
314 3512 559 3574 commentarius
585 3513 621 3574 in
646 3510 716 3575 loca
741 3516 912 3598 scripturae
938 3532 1055 3592 sacrae,
1082 3531 1162 3597 quae
1186 3511 1318 3597 planta-

269 3635 343 3679 rum
360 3614 478 3681 faciunt
496 3622 710 3705 mentionem,
730 3623 953 3685 concinnatum
967 3619 1006 3684 ab
1024 3641 1063 3684 eo
1079 3631 1150 3682 tum
1164 3625 1318 3708 maxime,

270 3743 345 3786 cum
368 3721 622 3791 honestissimam
649 3730 841 3792 missionem
857 3740 967 3792 nactus
991 3747 1012 3790 a
1029 3728 1162 3792 statione
1185 3727 1318 3792 Acade-

243 3896 246 3906 ,
269 3833 354 3894 mica
372 3853 456 3896 anno
481 3841 575 3920 1716,
601 3838 637 3900 in
656 3835 851 3900 Monasterio
866 3833 1116 3922 Regiofontano,
1136 3837 1224 3921 cujus
1238 3835 1318 3900 Ab·

263 3928 326 4010 >bas
345 3943 527 4007 constitutus
547 3955 642 4030 esset,
667 3946 733 4009 otio
756 3941 912 4010 frueretur
929 3945 1062 4032 peractis
1080 3941 1242 4008 laboribus
1262 3943 1318 4008 di-

1197 4075 1277 4143 gno.
