2776 5124
188 439 229 500 76
515 423 569 490 Dr
589 423 745 497 Μιιιιιιιι
764 425 907 515 moro,

107 608 110 612 ’
184 608 217 661 et
237 591 412 660 reluctanti.
453 587 558 677 Atque
576 601 613 652 ut
629 592 797 677 patientius
815 592 952 660 tolerare
972 610 1078 683 posset
1096 601 1235 688 coadju-.

179 717 235 774 ¹tor
249 698 442 766 desiderium
462 697 649 764 succedendi
668 702 703 764 in
724 702 937 787 prinpratum
949 724 1127 794 summum,
1147 730 1236 776 con-

183 831 287 877 cessus
314 812 375 894 ipsi
401 817 448 874 est
467 826 541 892 eger
564 802 814 871 Miihldorfensis
835 829 910 872 cum
929 817 1109 879 venationis
1125 821 1236 901 pisca-

181 922 343 1004 tionisque
375 917 620 999 opportunitate.
672 913 747 979 Hac
775 914 890 981 abhinc
919 918 993 982 sede
1020 927 1067 986 uti
1094 924 1236 1017 solebat²

183 1028 312 1119 quando
338 1048 357 1090 a
382 1027 517 1111 negotiis
541 1023 677 1110 publicis
700 1026 758 1087 otii
782 1025 901 1112 aliquid
923 1039 955 1091 et
978 1034 1151 1099 vacationis
1173 1032 1252 1097 du·-

181 1154 254 1204 tum
280 1146 361 1202 esset
385 1136 458 1203 viro
485 1146 614 1201 strenuo
640 1145 673 1198 et
695 1136 731 1199 iu
754 1134 899 1224 gerendis
918 1134 1016 1204 rebus.
1036 1143 1235 1209 exercitatis«

181 1253 277 1315 simo,
381 1274 400 1296 ·
1097 1235 1099 1238 ’

265 1352 365 1446 Quod
389 1350 534 1440 Ungaria
560 1374 635 1417 cum
651 1347 811 1419 'Bohemia
837 1376 923 1421 nunc
949 1370 995 1422 est
1019 1361 1056 1422 in
1075 1372 1234 1445 potestate

52 1533 64 1543 ,,
182 1467 286 1554 gentis
312 1461 507 1548 Austriacae,
529 1461 610 1526 nihil
641 1461 737 1550 abest,
766 1466 844 1549 quin
873 1463 912 1527 ab
932 1463 1056 1552 Langio
1076 1450 1233 1531 effectum

180 1595 248 1640 esse
268 1571 396 1645 dixerit.
433 1568 507 1655 Ipse
526 1575 614 1634 enim
634 1582 695 1657 est,
723 1575 779 1657 qui
800 1593 857 1636 suo
877 1576 1007 1659 ingenio
1031 1585 1062 1637 et
1081 1571 1231 1664 mirifica,

179 1704 243 1770 qua
270 1686 338 1767 ipse
365 1678 506 1766 valebat,
539 1679 581 1743 ad
606 1679 862 1767 persuadendum
889 1685 925 1749 vi
952 1694 1047 1768 atque
1072 1682 1233 1769 eloquen-

160 1789 348 1862 'tie‘cffecit
366 1809 451 1853 anno
463 1787 546 1856 XV.
552 1835 564 1875 ,
583 1801 620 1850 ut
638 1774 824 1852 Uladislaut
837 1788 1231 1876 HungariaeBohemiae-

16 1870 19 1876 ’
121 1884 149 1949 ..ss
179 1897 243 1990 q'ue
266 1882 325 1987 rer
347 1885 415 1962 {ilio
435 1893 603 1969 Ludovico
622 1897 763 1961 Mariam
790 1898 1003 1964 Maximiliani
1027 1902 1140 1985 neptin
1169 1902 1232 1967 de-

70 2013 74 2021 ·
151 2062 153 2064 ,
167 2001 330 2098 ¹sponsarn
349 2011 514 2093 acciperet,
534 2018 567 2070 et
583 1997 723 2075 vicissim
742 2004 843 2070 filiam
855 2011 985 2071 unicam
999 2008 1133 2073 Annam
1145 2011 1232 2079 Fer·

36 2157 47 2173 ·>
165 2118 319 2189 ‘dinundo
338 2112 556 2181 Maximiliani
572 2119 682 2201 nepoti
700 2114 892 2222 desponsam
912 2115 1073 2184 redderet:
1104 2141 1143 2183 ex
1163 2140 1230 2205 quo

10 2221 14 2229 ’
57 2305 67 2312 ἐ
154 2225 338 2326 *connubio
365 2222 448 2287 illud
469 2211 678 2326 consecutum
702 2237 764 2308 est,
795 2218 830 2287 ut
849 2229 985 2288 extincto
1007 2224 1206 2295 ludovico
1194 2252 1231 2295 ιιι

17 2321 25 2423 J
101 2343 105 2349 ’
176 2338 340 2434 utriusque
355 2353 448 2417 regni
459 2343 647 2418 potestatem
666 2328 844 2397 succederet
855 2333 883 2396 F
884 2330 1086 2398 erdrnandus
1118 2333 1231 2433 Atque

6 2434 8 2438 ¹
114 2424 252 2521 fz‘udc
264 2442 330 2518 fere
357 2456 537 2514 summurn,
550 2457 595 2505 est
615 2443 810 2526 multorum,
838 2463 919 2528 quae
947 2464 1021 2505 cum
1040 2463 1159 2528 magna
1180 2447 1235 2513 sui

12 2564 15 2576 '
87 2565 90 2570 '
172 2551 319 2641 nominis
345 2546 445 2638 gloria
461 2567 526 2636 pro
547 2550 768 2615 Marimifiano
788 2549 966 2615 felicissime
986 2550 1117 2637 perfecit
1135 2551 1229 2619 Lan-

176 2664 257 2749 gius‚
277 2661 488 2747 negotiorum.
529 2655 593 2722 Sed
613 2672 687 2723 sunt
705 2672 817 2724 tamen
833 2659 904 2745 alia,
924 2681 1007 2746 quae
1027 2640 1084 2724 etsi
1096 2663 1228 2728 minora

174 2771 348 2857 praeterire
365 2765 487 2852 nolim,
506 2787 580 2828 cum
600 2767 641 2831 ad
660 2772 795 2853 patriam
813 2769 867 2831 illa
887 2780 1047 2863 spectent.

255 2876 386 2942 Etenim
413 2895 488 2938 cum
507 2873 636 2939 Ulricus
663 2876 727 2942 dux
754 2879 796 2941 ob
822 2877 1060 2942 trucidatum'a
1080 2901 1115 2945 se
1134 2881 1227 2949 Hut·

173 2999 285 3051 tenum
312 2996 343 3048 et
366 2985 536 3070 conjugem
554 2982 706 3049 Sabiuam
726 2988 811 3050 male
832 2987 974 3052 habitam
994 3011 1013 3050 a
1033 2986 1170 3055 Caesare
1186 2997 1225 3065 ,in

171 3097 223 3180 jus
242 3106 374 3163 vocatus
393 3105 425 3156 et
443 3092 575 3159 tandem
593 3097 628 3158 in
644 3096 777 3158 comitiis
793 3094 984 3180 Augustanis
1005 3095 1075 3180 (11.
1089 3097 1224 3165 Octobr.

177 3201 275 3286 1516)
288 3204 484 3288 proscriptus
495 3215 583 3291 esset,
606 3215 784 3291 opportune
799 3208 971 3267 intercessit
979 3203 1130 3291 Langius,
1146 3228 1223 3271 cum

171 3312 239 3394 jam
259 3312 294 3374 in
314 3332 353 3374 eo
374 3322 477 3375 essent
501 3311 623 3394 hostes,
642 3325 679 3376 ut
698 3316 733 3376 in
744 3311 1047 3399 Wiirtembergiam
1066 3334 1223 3398 prorum·

60 3412 68 3427 '
172 3430 299 3503 perent:
319 3421 566 3507 impetravitque
581 3442 601 3484 a
614 3419 763 3508 Caesare,
781 3425 940 3509 primum,
954 3433 990 3484 ut
1004 3419 1146 3487 inducias
1161 3423 1223 3487 ad-

172 3545 285 3592 versae
303 3528 387 3612 parti
405 3529 591 3613 imperaret,
613 3527 728 3594 deinde
747 3535 843 3594 etiam
861 3544 898 3594 ut
916 3533 1047 3597 veniam
1063 3528 1122 3594 sibi
1139 3553 1222 3595 con-

172 3635 314 3726 cederet,
347 3659 423 3702 cum
450 3640 519 3726 ipso
548 3639 661 3705 Ulrico
691 3639 822 3727 agendi,
856 3637 984 3704 sifurtc
1004 3642 1221 3726 respectione

170 3759 277 3832 posset
296 3749 438 3834 transigi.

137 3925 144 3936 ,
175 3840 177 3844 ’
253 3855 365 3942 Itaque
390 3856 478 3923 locus
498 3872 530 3923 et
554 3858 619 3924 dies
640 3861 823 3922 constitutus
843 3867 899 3920 est.
939 3853 1118 3942 Blahyram
1137 3877 1220 3942 pro·

171 3963 269 4031 foetere
288 3961 428 4054 Langius
453 3963 589 4054 hospitio
609 3986 687 4051 usur
703 3976 749 4029 est
767 3965 949 4054 praeclaro,
975 3964 1061 4052 quod
1081 3963 1126 4030 ibi
1146 3986 1220 4031 cer·
1260 3949 1263 3955 ¹
