2776 5124
252 431 316 508 238
447 435 512 502 Or.
527 453 563 508 nt
578 451 700 502 orrruu
714 432 858 524 Caroni,
878 434 1093 519 Musaeum,

253 612 335 677 forte
358 606 490 671 unicum
510 601 662 666 Ulricum
686 597 784 687 dicas,
815 603 871 687 qui
896 600 982 668 solus
1003 623 1123 667 annum
1144 609 1307 694 sexagesi-

255 741 349 787 mum
369 725 517 802 quartum
537 714 645 776 aetatis
662 709 804 777 vivendo
825 723 981 776 assecutus
999 723 1059 793 est3
1088 726 1176 778 certo
1196 727 1309 782 tamen

254 829 398 892 ficturum
417 843 497 906 esse,
517 835 553 881 ut
569 816 703 883 Carolus
718 830 839 904 noster,
865 818 978 883 ordine
995 818 1217 909 duodecimus,
1239 847 1311 890 non

255 934 355 1004 modo
383 930 561 1017 superiores
582 919 698 990 ‘omnes
723 936 825 989 aetate
846 938 988 1014 superet,
1018 928 1076 992 sed
1100 941 1206 995 totum
1228 932 1309 1020 hoc,

256 1044 344 1134 quod
370 1042 473 1128 agitur
500 1049 532 1099 et
560 1032 602 1098 ad
627 1031 729 1098 finem
755 1034 887 1100 inclinat
912 1036 1055 1100 seculum
1079 1037 1223 1105 vivendo
1251 1062 1311 1105 ex-

254 1156 354 1246 pleat,
372 1151 560 1238 proximum
580 1147 694 1230 etiam,
711 1145 742 1206 si
760 1143 833 1206 Deo
854 1148 960 1210 visum
973 1144 1084 1233 fuerit,
1100 1159 1311 1217 assecuturus.

339 1260 452 1353 'Quam
470 1257 567 1343 igitur
587 1250 693 1337 cupidi
715 1255 980 1339 exspectavimus,
1014 1276 1112 1341 quam
1131 1263 1210 1323 certi
1230 1282 1313 1346 pro-

257 1375 417 1462 speximus
436 1362 630 1450 singolarem
648 1361 754 1448 illam,
778 1374 872 1447 atque
891 1365 926 1426 in
939 1361 1226 1454 Wirtembergicis
1245 1380 1313 1432 'ter-

256 1488 300 1548 rIs
319 1482 458 1546 invisam
478 1473 580 1537 adhuc
600 1470 850 1557 solemnitatem,
876 1483 912 1535 ut
930 1475 1054 1560 paucis,
1079 1495 1147 1538 non
1167 1478 1232 1540 nisi
1252 1483 1314 1542 tri-

256 1592 335 1676 hus,
360 1582 521 1652 mensibus
541 1582 672 1661 exactis,
692 1581 748 1664 qui
768 1577 880 1643 desunt
899 1580 939 1644 ad
958 1582 1134 1668 perfectum
1151 1602 1228 1650 suae
1250 1608 1314 1674 gu-

257 1698 453 1763 bernationis
480 1688 718 1775 semiseculum,
750 1691 902 1775 auspicati
928 1688 969 1752 ab
995 1711 1029 1756 se
1051 1695 1217 1778 regiminis
1238 1717 1314 1760 me-

258 1811 400 1874 moriam
419 1796 590 1866 celebraret
609 1798 872 1862 semisecularem.

340 1911 375 1979 O
403 1906 547 1974 fallacem
573 1906 761 1971 mortalium
788 1926 880 1991 spem
907 1915 1002 1993 atque
1026 1911 1312 1996 exspectationem,
1371 1977 1375 1981 ,

258 2046 280 2089 o
301 2023 451 2087 miseram
475 2035 586 2082 rerum
604 2008 819 2078 humanarum
841 2020 990 2079 omnium
1009 2023 1197 2084 varietatem
1218 2033 1315 2106 atque

259 2130 521 2199 inconstantiam!
555 2124 646 2188 Itane
665 2118 750 2186 haud
771 2122 918 2187 succedet
936 2121 1014 2189 festa
1033 2126 1087 2189 illa
1107 2127 1316 2215 supplicatio,

260 2239 382 2330 populo
405 2254 476 2302 non
497 2233 605 2297 minus
624 2235 758 2317 expetita
777 2252 876 2316 quam
895 2233 1049 2318 principii
1081 2234 1166 2298 itane
1186 2237 1222 2299 in
1243 2236 1316 2302 satis

260 2361 343 2435 erat,
363 2366 432 2410 non
452 2347 636 2428 contingere
654 2363 672 2404 a
693 2363 755 2428 qua
772 2341 921 2427 proxime
936 2340 1061 2407 abesset
1079 2355 1200 2407 metam
1218 2360 1316 2432 opta-

259 2463 344 2522 tam!
382 2450 548 2518 Conversa
570 2462 616 2514 est
636 2449 756 2538 subito,
782 2449 875 2514 nobis
894 2444 980 2514 haud
1000 2452 1218 2540 opinantibus,
1245 2450 1315 2518 lae-

259 2569 346 2630 titiae
370 2556 516 2648 publicae
540 2578 614 2644 'spes
643 2570 737 2644 atque
759 2565 949 2644 exspectatio
975 2561 1011 2625 in
1034 2577 1236 2647 praesentem
1261 2562 1315 2630 lu-

259 2685 349 2737 ctum
368 2682 401 2734 et
428 2667 689 2734 lamentationem
708 2670 940 2751 gravissimam.
982 2667 1061 2735 Non
1079 2669 1175 2736 rediit
1192 2670 1237 2737 ad
1254 2697 1315 2740 nos

261 2780 413 2865 Carolus,
441 2792 542 2843 vacua
562 2785 611 2838 est
627 2772 733 2862 sedes,
757 2793 827 2839 non
844 2780 962 2842 iterum
975 2773 1205 2864 occupabit-
1222 2799 1317 2847 nun-

260 2911 361 2978 quam
378 2885 420 2951 ad
434 2904 495 2950 nos
511 2880 627 2948 redibit
643 2918 688 2935 ·-
703 2896 832 2969 ereptus
852 2899 897 2950 est
915 2885 1008 2951 rebus
1027 2886 1193 2972 humanis,
1218 2889 1316 2979 obiit,

262 3002 430 3063 exstinctus
452 3005 517 3079 est,
545 3010 584 3054 ac
606 2993 694 3055 triste
715 3000 810 3077 atque
831 2994 1027 3058 immensum
1047 2997 1099 3058 sui
1119 2993 1315 3063 desiderium

263 3110 299 3172 in
315 3104 416 3201 ¹nobis
441 3101 577 3186 reliquit.
619 3096 701 3191 Quis
722 3097 784 3162 sibi
803 3109 960 3186 temperet
979 3122 1001 3166 a
1018 3101 1214 3207 laphrymis?
1243 3112 1317 3194 quis

262 3214 420 3280 desiderio
438 3208 544 3298 pudor
561 3218 617 3271 aut
635 3204 775 3272 modus?
1048 3215 1058 3280 s

347 3320 389 3385 In
412 3314 475 3382 hoc
500 3317 619 3382 recenti
642 3314 894 3402 gravissimoque
918 3310 1005 3381 luctu
1021 3328 1133 3385 nostro
1151 3317 1235 3407 quid
1253 3345 1318 3412 ego

260 3433 385 3518 possim
406 3426 520 3491 anirno
545 3424 682 3508 sentire,
714 3422 795 3509 quid
820 3423 930 3490 videre
955 3425 1071 3514 oculis,
1105 3429 1182 3513 quid
1207 3433 1319 3501 verbis

263 3540 372 3625 eloqui
388 3536 451 3600 nisi
465 3531 618 3601 Carolum
634 3544 780 3599 nosnum
800 3531 1120 3600 desideratissimum?
1149 3532 1236 3604 Date
1256 3537 1319 3606 hoc

263 3648 362 3733 mihi,
395 3666 454 3713 vos
483 3639 661 3710 studiorum
688 3642 869 3728 gravissimi
894 3643 1044 3706 ¹antistites
1071 3654 1105 3707 et
1132 3663 1193 3710 vos
1222 3654 1319 3732 ceteri

264 3756 423 3821 auditores
451 3753 691 3839 exoptatissimi,
726 3761 762 3812 ut
784 3749 876 3812 liceat
894 3746 975 3814 mihi
993 3743 1220 3838 aliquantisper
1241 3777 1319 3821 mo-

265 3867 332 3930 rari
359 3884 396 3926 ac
423 3861 553 3925 haerere
582 3861 618 3924 in
643 3859 834 3944 cogitatione
856 3856 1012 3922 carissimi
1036 3864 1201 3950 principis.
1253 3867 1320 3933 Etsi

266 3969 396 4060 quidem
412 3989 475 4059 ego
494 3966 594 4057 probe
612 3969 731 4056 sentio,
750 3983 805 4031 me
822 3964 960 4034 minime
976 3989 1055 4035 eum
1076 3991 1158 4060 esse,
1176 3977 1237 4060 qui
1249 3979 1321 4043 5511.
