2776 5124
273 429 331 490 166
576 418 788 488 Wrunrnuus
809 419 1002 488 Scnrcnann.

270 586 366 650 talem
392 586 529 672 aliquem
554 584 682 649 tandem
709 589 912 673 perveniant,
944 590 999 672 qui
1019 589 1136 670 justum
1156 578 1218 657 illis
1238 613 1316 680 pre-

270 696 351 759 tium
375 707 509 760 statuere
533 697 626 757 norit.
668 691 751 757 Illud
775 680 895 760 certudr
922 710 983 780 est,
1010 696 1185 763 aMatthia
1210 700 1317 766 Esen·

271 809 390 872 weinio
424 801 590 868 consilium
623 801 701 864 olim
737 814 864 887 captum
893 803 1003 890 fuisse,
1037 802 1182 871 hebraica
1215 828 1318 894 opera

270 911 451 979 Schiclrardi
468 912 576 975 omnia
596 910 730 994 junctim
749 909 877 975 edendi:
898 924 929 975 et
948 925 994 976 est
1013 912 1097 999 apud
1115 937 1170 978 me
1188 913 1316 1004 folium,

270 1018 356 1108 quod
376 1024 479 1107 operis
497 1020 735 1104 inscriptionem
755 1016 895 1104 exhibet,
919 1023 1006 1106 typis
1019 1041 1168 1087 excusum
1184 1022 1317 1088 'subin-

270 1152 328 1217 gae
360 1131 436 1194 1655
463 1127 578 1210 forma
591 1139 719 1212 quarta:
752 1125 807 1192 sed
826 1125 953 1198 videtur
976 1149 1027 1192 res
1047 1135 1152 1196 omnis
1169 1151 1316 1197 successu

269 1240 412 1300 caruisse.
1177 1259 1179 1264 ¹

351 1344 480 1408 Praeter
512 1342 689 1409 doctrinam
723 1345 805 1410 hanc
840 1346 992 1410 eximiam
1022 1357 1088 1411 erat
1118 1367 1248 1433 quoque
1279 1349 1315 1434 in

269 1450 459 1517 Schichardo
485 1452 613 1517 facultas
641 1452 726 1517 haud
753 1452 921 1518 mediocris
947 1453 1079 1520 artium.
1127 1454 1318 1519 Machinam

271 1555 500 1624 arithmeticam
520 1565 587 1646 ipse
606 1564 754 1649 extruxit,
775 1563 923 1626 undecim
939 1563 1193 1645 integrisetsex
1213 1567 1319 1626 muti-

182 1716 196 1741 s
270 1667 339 1733 latIs
359 1668 468 1732 rotulis
489 1681 702 1748 constantem,
725 1686 804 1756 quae
819 1670 908 1754 datos
922 1693 1074 1739 numeros
1088 1677 1195 1739 statim
1212 1669 1319 1743 aiw-

271 1774 383 1866 μάτως
400 1789 611 1864 computaret,
629 1777 773 1864 adderet,
792 1777 1005 1869 subtraheret,
1025 1781 1249 1868 multiplicaret
1265 1784 1319 1847 di-

272 1888 454 1974 videretque
482 1885 540 1970 (ad
557 1883 756 1972 Kepplerum
778 1908 852 1974 pag.
871 1888 962 1972 683).
1005 1887 1084 1954 Non
1111 1889 1212 1954 modo
1235 1892 1320 1977 pin-

272 1995 369 2084 gendi
394 2008 496 2060 artem
519 1992 652 2058 callebat
675 1993 791 2082 (extat,⁸
820 2008 911 2082 puto,
944 1999 1119 2063 etiamnum
1139 2001 1320 2087 intemplo

273 2105 512 2190 Gaertringensi
538 2100 737 2189 epitaphium.
761 2107 815 2170 avi
841 2109 995 2190 materni,
1027 2103 1186 2190 Gmelini,
1217 2111 1320 2193 ipsius

272 2235 371 2278 manu
388 2219 509 2298 pictum
521 2209 587 2293 -)
611 2208 666 2274 sed
687 2222 718 2273 et
735 2208 911 2299 scalpendi·
950 2210 1064 2298 Neque
1083 2216 1117 2277 in
1132 2213 1221 2300 ligno
1242 2228 1321 2294 tan,-

271 2335 341 2387 tum
366 2320 490 2406 scalpsit
511 2320 685 2406 imagines,¹
707 2319 762 2383 sed
787 2333 818 2382 et
841 2321 877 2382 in
903 2341 975 2384 aere
995 2338 1173 2408 cuproque:
1202 2336 1235 2387 et
1256 2324 1320 2388 hoc

272 2429 401 2517 quidem
424 2427 581 2491 lubentius
601 2447 698 2512 quam
718 2426 812 2514 illud,
842 2426 945 2514 quod,
972 2440 1007 2491 ut
1023 2432 1090 2513 ipse
1109 2433 1167 2517 ait,
1195 2434 1320 2497 minori

271 2534 382 2601 labore
400 2537 503 2620 majus
527 2533 603 2621 quid
622 2536 658 2598 in
678 2552 775 2620 cupro
795 2547 970 2620 praestatur
996 2533 1053 2619 (ad
1069 2536 1223 2622 Keppler.
1242 2562 1320 2629 pag.

274 2647 347 2712 674.
367 2643 428 2707 col.
450 2641 529 2726 alt).
570 2641 702 2708 Praeter
723 2640 939 2706 alia-Berotai
951 2639 1077 2726 faciem
1098 2648 1164 2709 aeri
1187 2649 1318 2734 incidit,

272 2751 313 2816 de
341 2773 404 2837 quo
431 2771 528 2837 opere
556 2753 624 2837 ipse
648 2753 706 2813 ita:
741 2751 974 2834 nescioquam
999 2745 1081 2813 bene
1106 2761 1318 2843 expresserim
1355 2842 1356 2845 Ἴ

271 2860 401 2926 faciem:
434 2859 514 2924 illud
537 2864 618 2947 scio,
649 2871 792 2923 mentem
818 2860 884 2945 ejus
909 2857 998 2934 nullo
1012 2860 1165 2949 penicillo
1186 2860 1318 2952 depingi

223 3050 226 3054 ι
271 2990 363 3054 posse
388 2968 447 3053 (ib.
468 2992 500 3054 p.
519 2975 556 3034 67
562 2968 607 3052 ⁵).
650 2966 747 3059 Quod
773 2966 984 3057 typographia
1006 2965 1218 3054 Tubingensis
1242 2993 1318 3036 ara-

270 3077 356 3143 bicos
376 3092 471 3165 typos
491 3099 558 3142 non
583 3073 726 3163 haberet,
754 3077 826 3143 illos
847 3078 954 3164 primo
975 3095 1014 3140 ex
1033 3073 1122 3163 ligno
1141 3078 1209 3165 ipse
1227 3079 1318 3143 scul-

268 3191 344 3272 psit,
361 3185 472 3270 quales
486 3187 720 3271 conspiciuntur
732 3189 767 3249 in
781 3185 1004 3271 disputatione,
1024 3183 1119 3247 Deus
1133 3182 1230 3250 orbus
1249 3189 1318 3251 Sa-

216 3364 219 3370 ,
269 3315 480 3357 tarenorum:
502 3315 580 3358 mox
595 3306 784 3379 prototypus
801 3312 912 3358 omnes
928 3312 966 3357 ex
979 3314 1050 3356 aere
1063 3293 1206 3382 sculpsit,
1226 3296 1317 3361 unde

268 3398 439 3468 Werlinus
459 3401 615 3486 plurimos
636 3401 713 3466 alios
732 3400 823 3468 fudit.
864 3398 900 3465 Si
918 3399 1106 3468 valetudinis
1127 3424 1219 3467 causa
1238 3429 1316 3471 rne-

268 3508 354 3573 dicus
378 3514 525 3595 graviora
550 3521 682 3573 tractare
707 3506 907 3596 prohibebat,
936 3520 1061 3596 tempus
1085 3504 1316 3577 fallebat'deli·

266 3616 391 3683 neando
411 3615 622 3705 sculpendove
642 3615 698 3698 (ad
715 3615 833 3705 Kep'pl.
853 3637 925 3704 pag.
944 3621 1016 3686 683.
1036 3616 1097 3682 col.
1116 3616 1194 3705 pr.).

351 3722 514 3811 Superest,
541 3738 577 3788 ut
598 3725 636 3788 de
657 3725 758 3815 animi
777 3724 885 3796 indole
906 3727 1026 3814 aliquid
1045 3728 1201 3811 dicamus,
1228 3753 1314 3818 qua-

268 3851 358 3898 tenus
378 3853 415 3895 ex
437 3834 589 3919 epistolis,
614 3856 749 3919 quarum
769 3853 844 3920 nos,
861 3848 984 3920 praeter
1004 3834 1118 3923 editas,
1137 3859 1205 3902 non
1225 3859 1312 3924 pau-

267 3963 318 4005 cas
338 3941 412 4004 alias
426 3942 577 4007 habemus
584 3987 600 4039 ,1
617 3946 712 4007 etiam
731 3941 771 4007 ad
784 3943 914 4008 fratrem
929 3965 1119 4030 germanum
1137 3945 1236 4032 datas,
1251 3948 1311 4011 illa
