2776 5124
413 399 483 452 nrt
503 384 792 458 Tusrrocnsrs.
1085 395 1121 456 st

76 549 249 618 scribendo
268 551 469 637 potissimum
489 571 537 635 ea,
557 547 671 635 qulbus
691 546 830 614 defensio
850 569 960 616 causae
980 554 1125 617 contine-

76 659 186 746 batur,
206 670 237 729 et
257 680 337 748 quae
355 657 397 722 ad
412 658 564 744 judicium
585 653 738 735 mittenda
760 670 871 726 essent.
910 657 1026 747 Neque
1043 660 1124 725 Phi-

77 768 187 854 lippus
205 777 330 832 tantum
348 764 390 831 ad
407 765 630 832 Rnucnrntuu
648 761 874 850 Stuttgardiam
898 763 1009 832 crebro
1034 789 1127 832 acce·
1160 778 1161 781 ’

79 874 169 962 dere,
190 871 247 941 sed
264 873 475 939 Ruucnnruus
495 893 620 959 quoque
638 872 707 960 ipse
718 893 811 961 saepe
822 875 934 940 venire
943 875 1126 964 Tubingam

80 980 125 1049 ad
142 964 342 1071 Philippum,
361 995 392 1046 et
410 1002 484 1046 cum
500 974 544 1045 ⁸co
563 983 598 1045 in
617 979 800 1046 scholastico
819 981 1026 1049 contubernio
1049 1007 1127 1054 ver-

80 1095 147 1157 sari
165 1088 260 1177 atque
282 1082 395 1154 cibum'
408 1111 528 1177 capere,
548 1099 579 1152 et
598 1086 638 1153 dc
659 1088 882 1155 communibus
900 1089 1008 1157 studiis
1027 1105 1059 1156 et
1084 1093 1128 1157 li-

80 1197 185 1289 bereli
200 1180 394 1287 institutione
413 1192 616 1262 confabulari.
655 1194 697 1261 Et
712 1217 899 1284 quanquam
917 1197 1128 1266 Rnucnnruus
1187 1277 1191 1287 Ι

80 1328 152 1373 nou
173 1318 252 1370 esset
269 1300 378 1370 litteris
397 1303 638 1391 elegantioribus
656 1307 781 1391 penitus
807 1304 958 1396 excultus,
986 1306 1130 1376 doctissi-

80 1437 180 1480 mum
198 1427 308 1478 tamen
328 1416 437 1482 virum
458 1424 489 1476 et
506 1410 683 1476 liberalium
702 1413 938 1499 disciplinarum
964 1417 1131 1503 cupidissi-

81 1543 182 1601 mum
198 1519 292 1586 fuisse
311 1544 387 1587 eum
406 1534 537 1588 constat.
576 1520 722 1586 Habebat
741 1543 819 1587 vero
840 1525 937 1586 etiam
959 1522 1132 1590 bibliothe-

82 1652 159 1696 cam
178 1633 487 1718 praestantissimam,
507 1646 653 1700 veterum
672 1653 799 1718 quoque
817 1645 994 1727 auctorum
1010 1637 1132 1719 scriptis

82 1736 189 1829 probe
215 1740 417 1826 instructam,
450 1738 536 1803 unde
561 1738 757 1826 permultum
789 1737 929 1804 fructum
957 1718 1133 1829 percepisse

82 1845 394 1933 Mmrenmomr,
412 1866 480 1909 non
500 1846 647 1933 estquod
665 1847 855 1915 dubitemus.

172 1953 271 2018 Enim
295 1974 375 2020 vero
395 1955 517 2016 etiamsi
542 1954 770 2040 professoribus
788 1955 1042 2046 Tubingensibus
1065 1982 1133 2026 non

83 2058 169 2129 nibil
189 2059 326 2149 deberet,
344 2058 416 2146 plus
435 2063 531 2124 etiam
550 2061 754 2151 Rnucrruuo,
766 2065 943 2150 plurimum
953 2077 1061 2132 tamen
1074 2068 1132 2132 de-

83 2167 181 2234 bebat
200 2171 340 2255 ingenio,
361 2164 447 2254 quod
467 2191 485 2232 a
505 2181 619 2234 natura
637 2158 747 2237 nactus
765 2185 840 2260 erat,
866 2178 1133 2259 praestantissimo

84 2276 212 2342 ecfers
231 2274 381 2342 mirifico,
420 2275 476 2340 Ad
495 2279 616 2364 ingenii
635 2283 705 2346 vim
723 2284 885 2366 aciemque
903 2281 1013 2367 judicii
1031 2305 1136 2348 acces-

86 2388 130 2451 sil
147 2383 302 2449 industria
321 2395 418 2471 tanta,
440 2405 521 2470 quae
540 2384 670 2448 modum
689 2387 769 2452 adeo
788 2387 951 2454 videretur
975 2390 1135 2456 excedere.

78 2498 208 2563 Extant
225 2496 346 2558 litterae
364 2492 537 2558 Brnrssnur
555 2494 812 2577 Prncrnrnrnnr,
832 2499 942 2583 magni
960 2516 1035 2561 suae
1049 2496 1142 2562 aeta-'-

85 2610 128 2673 tis
148 2608 225 2690 viri,
240 2602 353 2689 quibus
372 2603 654 2687 Mnnsncnrnour,
682 2602 847 2690 Tubingae
867 2603 971 2667 adhuc
989 2610 1137 2692 versanti,

87 2713 148 2801 qui
165 2722 278 2798 sponte
296 2709 389 2773 illum
408 2711 532 2795 primus
557 2709 715 2775 salutasset
739 2713 838 2775 misso
872 2714 968 2776 etiam
996 2718 1138 2778 carmine

88 2842 218 2910 graeco,
238 2817 416 2904 respondit,
434 2817 512 2882 haec
539 2831 664 2903 praeter
688 2818 749 2882 alia
772 2818 925 2885 scribens:
953 2821 1018 2908 „ita
1045 2819 1137 2907 habe,

88 2943 145 3020 „tc
163 2939 295 3016 propter
312 2924 462 3012 studium,
483 2925 695 3023 eruditionem
714 2940 745 2991 et
763 2930 908 3014 proprias
925 2929 1027 2993 animi
1053 2927 1140 2995 dotes

89 3037 197 3128 „mihi
215 3036 413 3103 carissimum
432 3054 508 3098 esse.
519 3070 562 3086 -
573 3032 652 3098 Non
670 3035 767 3120 igitur
782 3035 887 3098 solum
901 3038 936 3099 in
952 3039 1140 3122 amicorum,

88 3158 151 3237 „ut
170 3149 262 3234 petis,
278 3168 374 3234 grege
394 3143 507 3209 dehinc
527 3141 816 3228 connumeraberis,
833 3142 887 3206 sed
908 3145 991 3208 inter
1010 3147 1139 3231 potissi-

91 3277 189 3346 „mos
210 3266 241 3324 et
256 3257 416 3340 principes
435 3256 519 3338 ipsos
538 3253 605 3336 jam
626 3249 748 3313 dudum
769 3250 937 3315 collocatus
962 3270 1005 3315 es.
1045 3251 1088 3316 Et
1106 3263 1158 3325 ut

91 3367 247 3454 „certius,
264 3366 373 3450 quanti
390 3360 568 3446 tefaciam,
588 3379 778 3445 cognoscere
795 3360 905 3446 possis,
919 3361 1015 3422 etiam
1036 3357 1075 3425 de
1088 3381 1142 3422 sa-

90 3471 181 3561 „lute
200 3485 253 3535 tua
273 3487 505 3554 nonnunquam
525 3467 674 3532 sollicitus
695 3490 760 3534 esse
774 3490 883 3556 cogor.
923 3465 1030 3531 Audio
1044 3471 1132 3532 enim

90 3592 150 3679 „te
168 3582 204 3643 in
222 3576 331 3643 studIis
350 3599 454 3664 neque
478 3576 569 3641 modi
594 3599 700 3664 neque
723 3581 875 3666 temporis
901 3583 1060 3644 rationem
1082 3578 1143 3641 ha-

93 3687 216 3778 „bere,
235 3686 269 3760 id
288 3707 386 3775 quam
405 3686 616 3773 periculosum
642 3689 700 3772 sit,
717 3687 783 3774 jam
810 3685 938 3774 pridem
967 3707 1042 3751 cum
1069 3707 1144 3748 ma-

94 3799 190 3888 „xim
208 3793 333 3861 obonae
351 3791 539 3863 ualetudinis
559 3791 748 3858 detrimento
768 3807 913 3881 expertus
932 3790 1036 3859 sum.“

183 3904 296 3992 Itaque
312 3902 431 3969 factum
447 3913 505 3988 est,
524 3911 560 3964 ut
577 3898 668 3968 brevi
689 3906 836 3967 omniurn
848 3901 959 3966 oculos
973 3905 1007 3965 in
1020 3921 1053 3966 se
1066 3920 1147 3963 con-

880 4010 939 4092 ,t
