2776 5124
344 530 346 534 ,
395 463 695 532 Wiiurrurrucrru
715 468 842 532 Ducrs.¹
1067 476 1130 550 243
1156 506 1157 509 κ

88 622 147 697 nec
166 635 318 698 eventum
337 631 383 694 rei
403 630 564 698 frustravit
584 633 645 694 nisi
664 634 822 709 immane,
854 629 940 714 quod
958 631 1056 695 Italus
1076 630 1131 694 illc

85 740 244 805 mercibus
271 744 333 806 suis
359 739 514 806 litterariis
536 751 684 804 statueret
704 743 858 826 pretium,
888 739 974 825 quod
995 745 1130 804 omnino

85 846 202 935 effecit,
229 862 265 911 ut
283 848 417 913 Carolus
441 854 547 934 primo
574 846 727 936 differret,
756 862 863 935 postca
887 853 1132 923 intervenienti-¹

84 954 144 1020 bus
173 955 243 1020 aliis
275 959 358 1020 curis
390 954 589 1041 gravioribus
606 961 716 1020 etiam
747 957 917 1020 dimitteret
945 979 1042 1020 omne
1069 957 1132 1020 hoc

87 1063 266 1128 consilium.
306 1063 348 1127 Et
368 1067 514 1149 quamvis
535 1063 636 1134 adhuc
656 1066 737 1128 forte
750 1064 874 1150 frugem
892 1079 985 1148 atque
1000 1085 1131 1127 usuram

85 1172 183 1235 talem
203 1193 270 1235 non
288 1171 395 1234 tulerit
413 1169 601 1234 bibliotheca
619 1172 816 1258 principalis,
838 1176 888 1240 cui
906 1171 1053 1235 ferendae
1073 1193 1136 1257 par¹

84 1300 151 1344 esse
171 1278 275 1345 videri
293 1282 408 1365 possit,
442 1281 477 1342 iu
496 1301 613 1366 magno
634 1293 742 1343 tamen
761 1258 913 1344 beneficio
934 1279 1131 1364 ponendum,

84 1399 116 1451 et
142 1399 265 1472 praesto
293 1408 366 1451 eam
394 1407 475 1471 esse,
511 1399 543 1450 et
568 1409 661 1473 posse
688 1387 817 1474 posthac
844 1386 884 1453 ad
909 1387 1072 1472 publicum
1100 1396 1131 1449 et

72 1510 291 1560 ,communem
309 1482 404 1558 usum
422 1495 668 1560 accommodari.
898 1511 899 1514 ’
988 1488 992 1503 ‘

165 1601 212 1666 At
235 1614 394 1688 superest,
426 1602 513 1687 quod
534 1608 666 1668 omnino
686 1603 773 1668 nefas
795 1615 873 1668 essct
893 1604 1016 1667 silentio
1039 1602 1131 1666 dissi-

83 1710 224 1797 mulare,
258 1709 436 1773 libertatem
461 1712 616 1775 sentiendi
649 1711 868 1796 scribendique
894 1707 932 1773 de
953 1708 1047 1773 rebus
1067 1707 1131 1772 bu-

85 1823 189 1883 manis
216 1817 396 1904 divinisque
423 1840 491 1881 non
518 1818 617 1882 m'odo
644 1842 712 1884 uon
735 1831 896 1892 aversatus
918 1832 964 1882 est
984 1815 1132 1899 Carolus,

85 1926 142 1990 scd
162 1925 265 1989 noluit
285 1930 381 1991 etiam
401 1928 631 2014 angustioribus
649 1914 766 1994 finibus
788 1927 1014 2013 circumscribi,
1036 1946 1134 2011 quam

86 2055 167 2120 opus
196 2048 277 2099 esset
308 2034 349 2098 ad
376 2034 545 2099 arcendam
571 2037 738 2101 libidinem
767 2050 860 2122 atque
886 2037 1062 2099 licentiam:
1098 2043 1135 2094 ut

86 2141 236 2228 equidem
255 2147 410 2230 nesciam,
430 2165 471 2206 an
491 2145 555 2209 ulla
576 2144 768 2232 Germaniae
783 2147 948 2231 provincia
967 2143 1028 2205 dici
1044 2139 1135 2204 facile

86 2263 198 2336 queat,
220 2271 300 2337 quae
320 2249 381 2313 hoc
400 2255 534 2320 nomine
552 2254 673 2325 beatior
691 2268 800 2319 nostra
819 2251 921 2320 videri
941 2252 1050 2338 possit.

171 2361 212 2425 In
240 2361 334 2426 rebus
360 2375 465 2426 autem
492 2361 534 2427 ad
553 2363 742 2449 religionem
765 2375 926 2425 externam
943 2357 1136 2445 pertiuenti-

87 2463 146 2535 bus
167 2491 206 2534 ea
227 2481 292 2533 erat
311 2472 425 2555 optimi
444 2474 595 2557 principis
613 2476 751 2556 aequitas
770 2469 979 2554 facilitasque,
1001 2478 1037 2529 ut
1056 2463 1136 2529 nihil

88 2582 224 2641 omuino
245 2590 324 2642 essct
343 2578 430 2664 quod
450 2578 621 2648 desiderari
640 2602 660 2642 a
674 2601 836 2665 quoquam
851 2588 965 2663 posset.
1007 2571 1137 2664 Quam÷

89 2690 142 2750 vis
160 2689 248 2748 euim
267 2685 357 2773 Ipse,
383 2685 469 2772 quod
490 2691 553 2754 viri
571 2687 665 2773 probi
685 2699 731 2751 est
751 2709 787 2750 ac
806 2685 947 2770 honesti,
973 2701 1137 2750 sacrorum

87 2795 125 2858 in
150 2793 263 2879 quibus
287 2806 379 2857 natus
405 2806 485 2859 esset
504 2800 599 2879 atque
620 2800 773 2859 enutritus
792 2791 1087 2858 observantissimus
1106 2799 1138 2855 et

12 2960 24 2969 ,
88 2915 169 2966 esset
194 2912 225 2965 et
248 2898 358 2964 haberi
378 2901 494 2986 vellet,
519 2916 628 2966 tamen
648 2902 682 2965 id
702 2905 765 2986 egit
785 2893 965 2985 nunquam,
994 2909 1029 2958 ut
1048 2895 1138 2958 solli-

91 3014 200 3072 citaret
225 3011 426 3097 quempiam,
456 3009 510 3075 vel
534 3032 609 3073 suae
635 3032 732 3096 quam
752 3028 879 3084 nostrae
902 3008 1057 3072 formulae
1076 3005 1140 3068 lto-.·
1167 3037 1179 3082 t

88 3116 230 3198 minibus
250 3115 411 3181 exhiberet
431 3139 497 3182 sese
511 3116 735 3186 faventiorem.
775 3120 847 3205 Ipse
863 3117 998 3181 memini
1017 3114 1140 3199 aliquo-

89 3228 148 3289 ties
180 3224 263 3289 hanc
292 3247 330 3288 ex
358 3227 413 3290 o're
442 3208 549 3311 Ipsius·
574 3227 719 3294 divinam
747 3230 936 3296 senteutiam
962 3226 1139 3310 percipere:

18 3328 21 3335 ’
92 3331 161 3396 Etsi
187 3353 254 3397 uon
280 3346 359 3398 esset
379 3346 505 3398 nostrae
530 3336 734 3404 confessionis
760 3376 803 3390 -
835 3337 913 3421 (hoc
932 3340 1019 3402 euim
1040 3355 1142 3401 voca-

89 3439 203 3504 bulum
229 3463 381 3526 usurpare
407 3442 540 3524 solebat)
567 3482 612 3500 -
641 3446 801 3534 velletque
829 3448 907 3512 adeo
933 3460 1075 3512 nostram
1103 3445 1143 3511 de

91 3546 186 3612 rebus
213 3548 255 3610 ad
282 3547 381 3612 fidem
406 3554 634 3634 pertinentibus
662 3554 839 3621 doctrInam
866 3557 959 3622 nobis
985 3563 1143 3645 integram

92 3679 226 3727 manere
257 3672 349 3746 atque
377 3665 544 3739 intactam,
575 3662 611 3726 id
637 3675 746 3729 tamen
776 3665 835 3731 sibi
862 3671 1022 3731 maximae
1050 3687 1144 3731 curae

92 3788 159 3832 csse
180 3769 308 3853 debere,
329 3784 365 3835 ut
385 3770 671 3857 patriae'ecclesiae
686 3771 772 3837 baud
787 3774 890 3842 desint
902 3778 1040 3838 ministri
1055 3773 1144 3860 boni,

92 3890 126 3940 ct
152 3877 252 3962 docti,
284 3891 315 3943 ct
342 3901 419 3944 vere
448 3879 602 3966 religiosi;
632 3881 905 3967 quemadmodum
932 3886 1019 3949 enim
1042 3887 1146 3967 cupiat

92 3984 237 4050 catholici
256 3988 396 4052 nominis
418 3986 586 4053 hominem
606 4010 674 4055 esse
693 4013 771 4060 vere
791 3989 999 4077 catholicum,
1016 3992 1060 4052 ita
1078 4009 1146 4054 non
1175 4012 1182 4023 ’-

857 4106 894 4165 16
914 4099 933 4135 ¹*
