<?xml version="1.0" encoding="UTF-8"?>
<!DOCTYPE html PUBLIC "-//W3C//DTD XHTML 1.0 Transitional//EN"
    "http://www.w3.org/TR/xhtml1/DTD/xhtml1-transitional.dtd">
<html xmlns="http://www.w3.org/1999/xhtml" xml:lang="en" lang="en">
 <head>
  <title>
</title>
<meta http-equiv="Content-Type" content="text/html;charset=utf-8" />
  <meta name='ocr-system' content='tesseract 3.04.00' />
  <meta name='ocr-capabilities' content='ocr_page ocr_carea ocr_par ocr_line ocrx_word'/>
</head>
<body>
  <div class='ocr_page' id='page_1' title='image "./dchristianifrid00schngoog_0116.png"; bbox 0 0 2776 5124; ppageno 0'>
   <div class='ocr_carea' id='block_1_1' title="bbox 333 400 1110 490">
    <p class='ocr_par' dir='ltr' id='par_1_1' title="bbox 333 400 1110 490">
     <span class='ocr_line' id='line_1_1' title="bbox 333 400 1110 490; baseline 0.026 -22"><span class='ocrx_word' id='word_1_1' title='bbox 333 400 467 471; x_wconf 80' lang='lat' dir='ltr'><strong>Gnrrer</strong></span> <span class='ocrx_word' id='word_1_2' title='bbox 485 424 522 466; x_wconf 83' lang='lat' dir='ltr'><strong>rr</strong></span> <span class='ocrx_word' id='word_1_3' title='bbox 540 401 698 475; x_wconf 79' lang='lat' dir='ltr'><strong>Jourorcu</strong></span> <span class='ocrx_word' id='word_1_4' title='bbox 716 405 855 474; x_wconf 75' lang='lat' dir='ltr'><strong>Douros.</strong></span> <span class='ocrx_word' id='word_1_5' title='bbox 1053 431 1110 490; x_wconf 83' lang='lat'><strong>111</strong></span> 
     </span>
    </p>
   </div>
   <div class='ocr_carea' id='block_1_2' title="bbox 53 568 1218 4018">
    <p class='ocr_par' dir='ltr' id='par_1_2' title="bbox 58 568 1116 853">
     <span class='ocr_line' id='line_1_2' title="bbox 61 568 1116 671; baseline 0.008 -35"><span class='ocrx_word' id='word_1_6' title='bbox 61 575 189 657; x_wconf 89' lang='lat' dir='ltr'><strong>optimo</strong></span> <span class='ocrx_word' id='word_1_7' title='bbox 217 582 421 655; x_wconf 80' lang='lat' dir='ltr'>praeceptore</span> <span class='ocrx_word' id='word_1_8' title='bbox 442 568 481 633; x_wconf 84' lang='lat' dir='ltr'><strong>de</strong></span> <span class='ocrx_word' id='word_1_9' title='bbox 501 568 595 635; x_wconf 89' lang='lat' dir='ltr'><strong>rebus</strong></span> <span class='ocrx_word' id='word_1_10' title='bbox 611 573 678 636; x_wconf 87' lang='lat' dir='ltr'><strong>suis</strong></span> <span class='ocrx_word' id='word_1_11' title='bbox 694 571 903 640; x_wconf 80' lang='lat' dir='ltr'><strong>consultaret:</strong></span> <span class='ocrx_word' id='word_1_12' title='bbox 935 596 1036 665; x_wconf 89' lang='lat' dir='ltr'><strong>equa</strong></span> <span class='ocrx_word' id='word_1_13' title='bbox 1054 609 1116 671; x_wconf 77' lang='lat' dir='ltr'><strong>pe-</strong></span> 
     </span>
     <span class='ocr_line' id='line_1_3' title="bbox 58 677 1115 770; baseline 0.008 -26"><span class='ocrx_word' id='word_1_14' title='bbox 58 682 277 764; x_wconf 85' lang='lat' dir='ltr'><strong>regrinatione</strong></span> <span class='ocrx_word' id='word_1_15' title='bbox 301 681 356 744; x_wconf 81' lang='lat' dir='ltr'>le</span> <span class='ocrx_word' id='word_1_16' title='bbox 377 699 539 765; x_wconf 88' lang='lat' dir='ltr'><strong>reversus,</strong></span> <span class='ocrx_word' id='word_1_17' title='bbox 567 677 608 740; x_wconf 89' lang='lat' dir='ltr'><strong>ad</strong></span> <span class='ocrx_word' id='word_1_18' title='bbox 632 700 760 765; x_wconf 88' lang='lat' dir='ltr'><strong>graecas</strong></span> <span class='ocrx_word' id='word_1_19' title='bbox 782 679 900 748; x_wconf 83' lang='lat' dir='ltr'>litteras</span> <span class='ocrx_word' id='word_1_20' title='bbox 919 687 1115 770; x_wconf 74' lang='lat' dir='ltr'><strong>profitendas</strong></span> 
     </span>
     <span class='ocr_line' id='line_1_4' title="bbox 58 784 733 853; baseline 0.001 -3"><span class='ocrx_word' id='word_1_21' title='bbox 58 808 81 850; x_wconf 87' lang='lat' dir='ltr'><strong>a</strong></span> <span class='ocrx_word' id='word_1_22' title='bbox 101 785 321 852; x_wconf 87' lang='lat' dir='ltr'><strong>Lausannensi</strong></span> <span class='ocrx_word' id='word_1_23' title='bbox 335 784 507 849; x_wconf 85' lang='lat' dir='ltr'><strong>Academia</strong></span> <span class='ocrx_word' id='word_1_24' title='bbox 527 797 657 853; x_wconf 85' lang='lat' dir='ltr'><strong>vocatus</strong></span> <span class='ocrx_word' id='word_1_25' title='bbox 678 800 733 851; x_wconf 90' lang='lat' dir='ltr'><strong>est.</strong></span> 
     </span>
    </p>

    <p class='ocr_par' dir='ltr' id='par_1_3' title="bbox 55 880 1218 2500">
     <span class='ocr_line' id='line_1_5' title="bbox 146 880 1113 976; baseline 0.001 -16"><span class='ocrx_word' id='word_1_26' title='bbox 146 896 260 960; x_wconf 84' lang='lat' dir='ltr'><strong>Postea</strong></span> <span class='ocrx_word' id='word_1_27' title='bbox 290 917 364 966; x_wconf 83' lang='lat' dir='ltr'><strong>curn</strong></span> <span class='ocrx_word' id='word_1_28' title='bbox 391 916 475 958; x_wconf 91' lang='lat' dir='ltr'><strong>anno</strong></span> <span class='ocrx_word' id='word_1_29' title='bbox 503 900 585 961; x_wconf 48' lang='lat'>*1560</span> <span class='ocrx_word' id='word_1_30' title='bbox 602 880 776 963; x_wconf 82' lang='lat' dir='ltr'><strong>Genavam</strong></span> <span class='ocrx_word' id='word_1_31' title='bbox 802 897 842 960; x_wconf 91' lang='lat' dir='ltr'><strong>ad</strong></span> <span class='ocrx_word' id='word_1_32' title='bbox 868 922 987 970; x_wconf 88' lang='lat' dir='ltr'><strong>munus</strong></span> <span class='ocrx_word' id='word_1_33' title='bbox 1011 913 1113 976; x_wconf 90' lang='lat' dir='ltr'><strong>eccle.</strong></span> 
     </span>
     <span class='ocr_line' id='line_1_6' title="bbox 58 1003 1114 1091; baseline 0.01 -18"><span class='ocrx_word' id='word_1_34' title='bbox 58 1009 222 1073; x_wconf 74' lang='lat' dir='ltr'><strong>rusticum</strong></span> <span class='ocrx_word' id='word_1_35' title='bbox 242 1017 374 1072; x_wconf 89' lang='lat' dir='ltr'><strong>vocatus</strong></span> <span class='ocrx_word' id='word_1_36' title='bbox 392 1003 499 1068; x_wconf 85' lang='lat' dir='ltr'><strong>ederet</strong></span> <span class='ocrx_word' id='word_1_37' title='bbox 517 1003 605 1068; x_wconf 89' lang='lat' dir='ltr'><strong>idem</strong></span> <span class='ocrx_word' id='word_1_38' title='bbox 623 1009 692 1091; x_wconf 91' lang='lat' dir='ltr'><strong>ipse</strong></span> <span class='ocrx_word' id='word_1_39' title='bbox 708 1003 950 1075; x_wconf 86' lang='lat' dir='ltr'><strong>Confessionem</strong></span> <span class='ocrx_word' id='word_1_40' title='bbox 970 1013 1114 1083; x_wconf 87' lang='lat' dir='ltr'><strong>christia-</strong></span> 
     </span>
     <span class='ocr_line' id='line_1_7' title="bbox 56 1107 1218 1210; baseline 0.007 -31"><span class='ocrx_word' id='word_1_41' title='bbox 56 1135 121 1180; x_wconf 87' lang='lat' dir='ltr'><strong>nae</strong></span> <span class='ocrx_word' id='word_1_42' title='bbox 149 1112 225 1177; x_wconf 87' lang='lat' dir='ltr'><strong>fidei</strong></span> <span class='ocrx_word' id='word_1_43' title='bbox 250 1113 383 1176; x_wconf 89' lang='lat' dir='ltr'><strong>latinam</strong></span> <span class='ocrx_word' id='word_1_44' title='bbox 406 1111 631 1199; x_wconf 71' lang='lat' dir='ltr'><strong>ascraeum,</strong></span> <span class='ocrx_word' id='word_1_45' title='bbox 664 1113 745 1184; x_wconf 85' lang='lat' dir='ltr'><strong>banc</strong></span> <span class='ocrx_word' id='word_1_46' title='bbox 771 1136 897 1201; x_wconf 89' lang='lat' dir='ltr'><strong>quoque</strong></span> <span class='ocrx_word' id='word_1_47' title='bbox 918 1135 1115 1210; x_wconf 84' lang='lat' dir='ltr'><strong>nuncupavit</strong></span> <span class='ocrx_word' id='word_1_48' title='bbox 1216 1107 1218 1116; x_wconf 43' lang='lat'><strong>¹</strong></span> 
     </span>
     <span class='ocr_line' id='line_1_8' title="bbox 57 1218 1112 1309; baseline -0.002 -21"><span class='ocrx_word' id='word_1_49' title='bbox 57 1244 118 1288; x_wconf 83' lang='lat' dir='ltr'><strong>suo</strong></span> <span class='ocrx_word' id='word_1_50' title='bbox 144 1220 328 1308; x_wconf 77' lang='lat' dir='ltr'><strong>Volmar10,</strong></span> <span class='ocrx_word' id='word_1_51' title='bbox 356 1218 495 1307; x_wconf 82' lang='lat' dir='ltr'><strong>praefixa</strong></span> <span class='ocrx_word' id='word_1_52' title='bbox 515 1224 644 1307; x_wconf 90' lang='lat' dir='ltr'><strong>copiosa</strong></span> <span class='ocrx_word' id='word_1_53' title='bbox 663 1220 810 1307; x_wconf 86' lang='lat' dir='ltr'><strong>epistola,</strong></span> <span class='ocrx_word' id='word_1_54' title='bbox 839 1227 926 1309; x_wconf 87' lang='lat' dir='ltr'><strong>cujus</strong></span> <span class='ocrx_word' id='word_1_55' title='bbox 945 1232 1112 1300; x_wconf 77' lang='lat' dir='ltr'><strong>exordium</strong></span> 
     </span>
     <span class='ocr_line' id='line_1_9' title="bbox 55 1328 1113 1422; baseline 0.011 -27"><span class='ocrx_word' id='word_1_56' title='bbox 55 1329 122 1396; x_wconf 89' lang='lat' dir='ltr'><strong>hoe</strong></span> <span class='ocrx_word' id='word_1_57' title='bbox 141 1343 203 1395; x_wconf 89' lang='lat' dir='ltr'><strong>est:</strong></span> <span class='ocrx_word' id='word_1_58' title='bbox 232 1328 366 1422; x_wconf 83' lang='lat' dir='ltr'><strong>Quoties</strong></span> <span class='ocrx_word' id='word_1_59' title='bbox 381 1343 545 1408; x_wconf 65' lang='lat' dir='ltr'><strong>&gt;anteactae</strong></span> <span class='ocrx_word' id='word_1_60' title='bbox 566 1331 651 1396; x_wconf 90' lang='lat' dir='ltr'><strong>vitae</strong></span> <span class='ocrx_word' id='word_1_61' title='bbox 669 1350 762 1392; x_wconf 89' lang='lat' dir='ltr'><strong>meae</strong></span> <span class='ocrx_word' id='word_1_62' title='bbox 780 1331 932 1398; x_wconf 90' lang='lat' dir='ltr'><strong>recordor</strong></span> <span class='ocrx_word' id='word_1_63' title='bbox 952 1374 996 1388; x_wconf 93' lang='lat'><em>-</em></span> <span class='ocrx_word' id='word_1_64' title='bbox 1020 1346 1113 1409; x_wconf 89' lang='lat' dir='ltr'><strong>toties</strong></span> 
     </span>
     <span class='ocr_line' id='line_1_10' title="bbox 56 1436 1111 1522; baseline 0.003 -17"><span class='ocrx_word' id='word_1_65' title='bbox 56 1461 186 1506; x_wconf 86' lang='lat' dir='ltr'><strong>necesse</strong></span> <span class='ocrx_word' id='word_1_66' title='bbox 206 1451 267 1522; x_wconf 89' lang='lat' dir='ltr'><strong>est,</strong></span> <span class='ocrx_word' id='word_1_67' title='bbox 286 1451 322 1504; x_wconf 89' lang='lat' dir='ltr'><strong>ut</strong></span> <span class='ocrx_word' id='word_1_68' title='bbox 341 1438 585 1503; x_wconf 87' lang='lat' dir='ltr'><strong>innumerabilia</strong></span> <span class='ocrx_word' id='word_1_69' title='bbox 605 1451 658 1502; x_wconf 90' lang='lat' dir='ltr'><strong>tua</strong></span> <span class='ocrx_word' id='word_1_70' title='bbox 678 1442 713 1502; x_wconf 89' lang='lat' dir='ltr'><strong>in</strong></span> <span class='ocrx_word' id='word_1_71' title='bbox 732 1452 786 1500; x_wconf 84' lang='lat' dir='ltr'><strong>mc</strong></span> <span class='ocrx_word' id='word_1_72' title='bbox 804 1436 957 1505; x_wconf 88' lang='lat' dir='ltr'><strong>beneficia</strong></span> <span class='ocrx_word' id='word_1_73' title='bbox 976 1447 1058 1512; x_wconf 87' lang='lat' dir='ltr'><strong>mihi</strong></span> <span class='ocrx_word' id='word_1_74' title='bbox 1075 1455 1111 1518; x_wconf 77' lang='lat' dir='ltr'><strong>in</strong></span> 
     </span>
     <span class='ocr_line' id='line_1_11' title="bbox 56 1546 1113 1637; baseline 0.008 -26"><span class='ocrx_word' id='word_1_75' title='bbox 56 1561 203 1611; x_wconf 81' lang='lat' dir='ltr'><strong>mentem</strong></span> <span class='ocrx_word' id='word_1_76' title='bbox 223 1551 372 1633; x_wconf 79' lang='lat' dir='ltr'><strong>veniant,</strong></span> <span class='ocrx_word' id='word_1_77' title='bbox 391 1568 451 1633; x_wconf 91' lang='lat' dir='ltr'><strong>pro</strong></span> <span class='ocrx_word' id='word_1_78' title='bbox 472 1546 585 1632; x_wconf 90' lang='lat' dir='ltr'><strong>quibus</strong></span> <span class='ocrx_word' id='word_1_79' title='bbox 606 1568 680 1610; x_wconf 86' lang='lat' dir='ltr'><strong>cum</strong></span> <span class='ocrx_word' id='word_1_80' title='bbox 698 1568 810 1632; x_wconf 91' lang='lat' dir='ltr'><strong>parem</strong></span> <span class='ocrx_word' id='word_1_81' title='bbox 829 1548 888 1612; x_wconf 87' lang='lat' dir='ltr'><strong>tibi</strong></span> <span class='ocrx_word' id='word_1_82' title='bbox 906 1557 1041 1637; x_wconf 87' lang='lat' dir='ltr'><strong>gratiam</strong></span> <span class='ocrx_word' id='word_1_83' title='bbox 1056 1582 1113 1623; x_wconf 87' lang='lat' dir='ltr'><strong>re-</strong></span> 
     </span>
     <span class='ocr_line' id='line_1_12' title="bbox 55 1653 1113 1751; baseline 0.005 -32"><span class='ocrx_word' id='word_1_84' title='bbox 55 1656 141 1720; x_wconf 82' lang='lat' dir='ltr'><strong>ferre</strong></span> <span class='ocrx_word' id='word_1_85' title='bbox 169 1655 258 1720; x_wconf 92' lang='lat' dir='ltr'><strong>nullo</strong></span> <span class='ocrx_word' id='word_1_86' title='bbox 280 1654 379 1719; x_wconf 86' lang='lat' dir='ltr'><strong>modo</strong></span> <span class='ocrx_word' id='word_1_87' title='bbox 398 1659 537 1742; x_wconf 85' lang='lat' dir='ltr'><strong>possim,</strong></span> <span class='ocrx_word' id='word_1_88' title='bbox 571 1653 686 1719; x_wconf 90' lang='lat' dir='ltr'><strong>babere</strong></span> <span class='ocrx_word' id='word_1_89' title='bbox 706 1668 814 1720; x_wconf 90' lang='lat' dir='ltr'><strong>tamen</strong></span> <span class='ocrx_word' id='word_1_90' title='bbox 837 1663 1000 1751; x_wconf 86' lang='lat' dir='ltr'><strong>constitui,</strong></span> <span class='ocrx_word' id='word_1_91' title='bbox 1032 1670 1113 1734; x_wconf 83' lang='lat' dir='ltr'><strong>sicut</strong></span> 
     </span>
     <span class='ocr_line' id='line_1_13' title="bbox 55 1763 1110 1858; baseline 0.002 -27"><span class='ocrx_word' id='word_1_92' title='bbox 55 1780 183 1858; x_wconf 90' lang='lat' dir='ltr'><strong>gratum</strong></span> <span class='ocrx_word' id='word_1_93' title='bbox 209 1767 376 1832; x_wconf 88' lang='lat' dir='ltr'><strong>hominem</strong></span> <span class='ocrx_word' id='word_1_94' title='bbox 404 1766 493 1837; x_wconf 82' lang='lat' dir='ltr'><strong>decet</strong></span> <span class='ocrx_word' id='word_1_95' title='bbox 514 1777 545 1828; x_wconf 89' lang='lat' dir='ltr'><strong>et</strong></span> <span class='ocrx_word' id='word_1_96' title='bbox 563 1778 765 1852; x_wconf 90' lang='lat' dir='ltr'><strong>acceptorum</strong></span> <span class='ocrx_word' id='word_1_97' title='bbox 785 1763 1016 1834; x_wconf 91' lang='lat' dir='ltr'><strong>beneficiorum</strong></span> <span class='ocrx_word' id='word_1_98' title='bbox 1035 1797 1110 1838; x_wconf 84' lang='lat' dir='ltr'><strong>me-</strong></span> 
     </span>
     <span class='ocr_line' id='line_1_14' title="bbox 55 1872 1109 1961; baseline 0.003 -18"><span class='ocrx_word' id='word_1_99' title='bbox 55 1900 195 1944; x_wconf 87' lang='lat' dir='ltr'><strong>morem.</strong></span> <span class='ocrx_word' id='word_1_100' title='bbox 221 1916 265 1928; x_wconf 97' lang='lat'>-</span> <span class='ocrx_word' id='word_1_101' title='bbox 296 1874 359 1940; x_wconf 85' lang='lat' dir='ltr'><strong>Sed</strong></span> <span class='ocrx_word' id='word_1_102' title='bbox 388 1873 450 1939; x_wconf 87' lang='lat' dir='ltr'><strong>hoc</strong></span> <span class='ocrx_word' id='word_1_103' title='bbox 476 1887 522 1940; x_wconf 92' lang='lat' dir='ltr'><strong>est</strong></span> <span class='ocrx_word' id='word_1_104' title='bbox 550 1872 720 1961; x_wconf 87' lang='lat' dir='ltr'><strong>(subjicit),</strong></span> <span class='ocrx_word' id='word_1_105' title='bbox 760 1877 908 1938; x_wconf 89' lang='lat' dir='ltr'><strong>omnium</strong></span> <span class='ocrx_word' id='word_1_106' title='bbox 933 1876 1109 1946; x_wconf 90' lang='lat' dir='ltr'><strong>beneficio-</strong></span> 
     </span>
     <span class='ocr_line' id='line_1_15' title="bbox 56 1982 1110 2076; baseline -0.005 -22"><span class='ocrx_word' id='word_1_107' title='bbox 56 2012 147 2076; x_wconf 85' lang='lat' dir='ltr'><strong>rum,</strong></span> <span class='ocrx_word' id='word_1_108' title='bbox 180 1987 267 2075; x_wconf 92' lang='lat' dir='ltr'><strong>quod</strong></span> <span class='ocrx_word' id='word_1_109' title='bbox 293 1984 380 2050; x_wconf 84' lang='lat' dir='ltr'><strong>aTe</strong></span> <span class='ocrx_word' id='word_1_110' title='bbox 401 1987 524 2072; x_wconf 88' lang='lat' dir='ltr'><strong>accepi,</strong></span> <span class='ocrx_word' id='word_1_111' title='bbox 556 1982 651 2068; x_wconf 91' lang='lat' dir='ltr'><strong>longe</strong></span> <span class='ocrx_word' id='word_1_112' title='bbox 671 1984 867 2070; x_wconf 86' lang='lat' dir='ltr'><strong>maximum,</strong></span> <span class='ocrx_word' id='word_1_113' title='bbox 900 1987 987 2071; x_wconf 94' lang='lat' dir='ltr'><strong>quod</strong></span> <span class='ocrx_word' id='word_1_114' title='bbox 1012 2011 1110 2056; x_wconf 78' lang='lat' dir='ltr'><strong>verae</strong></span> 
     </span>
     <span class='ocr_line' id='line_1_16' title="bbox 55 2089 1107 2184; baseline 0.004 -24"><span class='ocrx_word' id='word_1_115' title='bbox 55 2100 180 2184; x_wconf 85' lang='lat' dir='ltr'><strong>pietatis</strong></span> <span class='ocrx_word' id='word_1_116' title='bbox 205 2098 403 2181; x_wconf 81' lang='lat' dir='ltr'><strong>cognitione,</strong></span> <span class='ocrx_word' id='word_1_117' title='bbox 437 2115 475 2156; x_wconf 80' lang='lat' dir='ltr'><strong>ex</strong></span> <span class='ocrx_word' id='word_1_118' title='bbox 500 2091 565 2154; x_wconf 90' lang='lat' dir='ltr'><strong>Dei</strong></span> <span class='ocrx_word' id='word_1_119' title='bbox 592 2089 692 2156; x_wconf 92' lang='lat' dir='ltr'><strong>verbo</strong></span> <span class='ocrx_word' id='word_1_120' title='bbox 711 2102 864 2174; x_wconf 91' lang='lat' dir='ltr'><strong>tanquam</strong></span> <span class='ocrx_word' id='word_1_121' title='bbox 884 2090 1107 2180; x_wconf 89' lang='lat' dir='ltr'><strong>limpidissimo</strong></span> 
     </span>
     <span class='ocr_line' id='line_1_17' title="bbox 55 2199 1108 2292; baseline 0.002 -23"><span class='ocrx_word' id='word_1_122' title='bbox 55 2205 142 2270; x_wconf 90' lang='lat' dir='ltr'><strong>fonte</strong></span> <span class='ocrx_word' id='word_1_123' title='bbox 161 2208 274 2290; x_wconf 86' lang='lat' dir='ltr'><strong>petita,</strong></span> <span class='ocrx_word' id='word_1_124' title='bbox 294 2216 328 2265; x_wconf 88' lang='lat' dir='ltr'><strong>tu</strong></span> <span class='ocrx_word' id='word_1_125' title='bbox 348 2225 404 2266; x_wconf 86' lang='lat' dir='ltr'><strong>me</strong></span> <span class='ocrx_word' id='word_1_126' title='bbox 423 2205 467 2267; x_wconf 92' lang='lat' dir='ltr'><strong>ita</strong></span> <span class='ocrx_word' id='word_1_127' title='bbox 488 2199 648 2283; x_wconf 78' lang='lat' dir='ltr'><strong>imbuisti,</strong></span> <span class='ocrx_word' id='word_1_128' title='bbox 666 2210 703 2259; x_wconf 92' lang='lat' dir='ltr'><strong>ut</strong></span> <span class='ocrx_word' id='word_1_129' title='bbox 721 2201 783 2262; x_wconf 89' lang='lat' dir='ltr'><strong>nisi</strong></span> <span class='ocrx_word' id='word_1_130' title='bbox 803 2212 851 2285; x_wconf 91' lang='lat' dir='ltr'><strong>te,</strong></span> <span class='ocrx_word' id='word_1_131' title='bbox 871 2221 940 2265; x_wconf 90' lang='lat' dir='ltr'><strong>non</strong></span> <span class='ocrx_word' id='word_1_132' title='bbox 959 2202 1030 2267; x_wconf 92' lang='lat' dir='ltr'><strong>dico</strong></span> <span class='ocrx_word' id='word_1_133' title='bbox 1046 2228 1108 2292; x_wconf 91' lang='lat' dir='ltr'><strong>pro</strong></span> 
     </span>
     <span class='ocr_line' id='line_1_18' title="bbox 55 2306 1108 2400; baseline -0.002 -24"><span class='ocrx_word' id='word_1_134' title='bbox 55 2325 276 2400; x_wconf 75' lang='lat' dir='ltr'><strong>praeceptore,</strong></span> <span class='ocrx_word' id='word_1_135' title='bbox 306 2311 363 2375; x_wconf 88' lang='lat' dir='ltr'><strong>sed</strong></span> <span class='ocrx_word' id='word_1_136' title='bbox 389 2332 451 2396; x_wconf 93' lang='lat' dir='ltr'><strong>pro</strong></span> <span class='ocrx_word' id='word_1_137' title='bbox 477 2322 609 2397; x_wconf 88' lang='lat' dir='ltr'><strong>parente</strong></span> <span class='ocrx_word' id='word_1_138' title='bbox 635 2306 739 2370; x_wconf 90' lang='lat' dir='ltr'><strong>colam</strong></span> <span class='ocrx_word' id='word_1_139' title='bbox 765 2321 797 2370; x_wconf 90' lang='lat' dir='ltr'><strong>et</strong></span> <span class='ocrx_word' id='word_1_140' title='bbox 816 2307 1002 2396; x_wconf 88' lang='lat' dir='ltr'><strong>observem,</strong></span> <span class='ocrx_word' id='word_1_141' title='bbox 1032 2335 1108 2377; x_wconf 87' lang='lat' dir='ltr'><strong>orn-</strong></span> 
     </span>
     <span class='ocr_line' id='line_1_19' title="bbox 56 2415 1014 2500; baseline -0.001 -14"><span class='ocrx_word' id='word_1_142' title='bbox 56 2425 148 2486; x_wconf 91' lang='lat' dir='ltr'><strong>nium</strong></span> <span class='ocrx_word' id='word_1_143' title='bbox 165 2420 339 2482; x_wconf 86' lang='lat' dir='ltr'><strong>hominurn</strong></span> <span class='ocrx_word' id='word_1_144' title='bbox 357 2422 421 2481; x_wconf 89' lang='lat' dir='ltr'><strong>sim</strong></span> <span class='ocrx_word' id='word_1_145' title='bbox 440 2422 581 2483; x_wconf 82' lang='lat' dir='ltr'><strong>maxime</strong></span> <span class='ocrx_word' id='word_1_146' title='bbox 599 2418 741 2500; x_wconf 87' lang='lat' dir='ltr'><strong>ingratus</strong></span> <span class='ocrx_word' id='word_1_147' title='bbox 761 2429 792 2478; x_wconf 84' lang='lat' dir='ltr'><strong>et</strong></span> <span class='ocrx_word' id='word_1_148' title='bbox 810 2415 1014 2485; x_wconf 87' lang='lat' dir='ltr'><strong>inhumanus.</strong></span> 
     </span>
    </p>

    <p class='ocr_par' dir='ltr' id='par_1_4' title="bbox 53 2521 1108 3048">
     <span class='ocr_line' id='line_1_20' title="bbox 136 2521 1108 2611; baseline 0.006 -20"><span class='ocrx_word' id='word_1_149' title='bbox 136 2522 266 2591; x_wconf 77' lang='lat' dir='ltr'><strong>Verum</strong></span> <span class='ocrx_word' id='word_1_150' title='bbox 279 2530 381 2589; x_wconf 85' lang='lat' dir='ltr'><strong>etiarn</strong></span> <span class='ocrx_word' id='word_1_151' title='bbox 404 2525 560 2589; x_wconf 80' lang='lat' dir='ltr'><strong>Caluinus</strong></span> <span class='ocrx_word' id='word_1_152' title='bbox 585 2521 691 2591; x_wconf 88' lang='lat' dir='ltr'><strong>voluit</strong></span> <span class='ocrx_word' id='word_1_153' title='bbox 708 2544 783 2586; x_wconf 90' lang='lat' dir='ltr'><strong>suae</strong></span> <span class='ocrx_word' id='word_1_154' title='bbox 803 2545 877 2611; x_wconf 90' lang='lat' dir='ltr'><strong>erga</strong></span> <span class='ocrx_word' id='word_1_155' title='bbox 899 2526 1108 2597; x_wconf 88' lang='lat' dir='ltr'><strong>Volmarium</strong></span> 
     </span>
     <span class='ocr_line' id='line_1_21' title="bbox 55 2630 1106 2721; baseline 0 -20"><span class='ocrx_word' id='word_1_156' title='bbox 55 2636 274 2701; x_wconf 85' lang='lat' dir='ltr'><strong>observantiae</strong></span> <span class='ocrx_word' id='word_1_157' title='bbox 292 2634 455 2721; x_wconf 86' lang='lat' dir='ltr'><strong>publicum</strong></span> <span class='ocrx_word' id='word_1_158' title='bbox 476 2630 604 2720; x_wconf 90' lang='lat' dir='ltr'><strong>aliquod</strong></span> <span class='ocrx_word' id='word_1_159' title='bbox 618 2643 872 2695; x_wconf 88' lang='lat' dir='ltr'><strong>monumentum</strong></span> <span class='ocrx_word' id='word_1_160' title='bbox 887 2647 1003 2703; x_wconf 84' lang='lat' dir='ltr'><strong>extare.</strong></span> <span class='ocrx_word' id='word_1_161' title='bbox 1036 2637 1106 2702; x_wconf 88' lang='lat' dir='ltr'><strong>Ita-</strong></span> 
     </span>
     <span class='ocr_line' id='line_1_22' title="bbox 55 2739 1106 2832; baseline 0.004 -24"><span class='ocrx_word' id='word_1_162' title='bbox 55 2768 117 2832; x_wconf 88' lang='lat' dir='ltr'><strong>que</strong></span> <span class='ocrx_word' id='word_1_163' title='bbox 145 2748 373 2808; x_wconf 91' lang='lat' dir='ltr'><strong>commentario</strong></span> <span class='ocrx_word' id='word_1_164' title='bbox 399 2747 434 2807; x_wconf 91' lang='lat' dir='ltr'><strong>in</strong></span> <span class='ocrx_word' id='word_1_165' title='bbox 452 2741 586 2808; x_wconf 87' lang='lat' dir='ltr'><strong>alteram</strong></span> <span class='ocrx_word' id='word_1_166' title='bbox 609 2741 650 2806; x_wconf 91' lang='lat' dir='ltr'><strong>ad</strong></span> <span class='ocrx_word' id='word_1_167' title='bbox 671 2739 852 2806; x_wconf 90' lang='lat' dir='ltr'><strong>Corinthios</strong></span> <span class='ocrx_word' id='word_1_168' title='bbox 876 2744 1042 2828; x_wconf 82' lang='lat' dir='ltr'><strong>epIstolam</strong></span> <span class='ocrx_word' id='word_1_169' title='bbox 1062 2747 1106 2812; x_wconf 93' lang='lat' dir='ltr'><strong>li-</strong></span> 
     </span>
     <span class='ocr_line' id='line_1_23' title="bbox 54 2849 1106 2938; baseline 0.004 -20"><span class='ocrx_word' id='word_1_170' title='bbox 54 2869 135 2918; x_wconf 87' lang='lat' dir='ltr'><strong>teras</strong></span> <span class='ocrx_word' id='word_1_171' title='bbox 156 2849 299 2938; x_wconf 84' lang='lat' dir='ltr'><strong>praefixit</strong></span> <span class='ocrx_word' id='word_1_172' title='bbox 321 2852 362 2914; x_wconf 90' lang='lat' dir='ltr'><strong>ad</strong></span> <span class='ocrx_word' id='word_1_173' title='bbox 377 2851 600 2938; x_wconf 89' lang='lat' dir='ltr'><strong>Volmarium,</strong></span> <span class='ocrx_word' id='word_1_174' title='bbox 621 2849 774 2918; x_wconf 88' lang='lat' dir='ltr'><strong>Genevae</strong></span> <span class='ocrx_word' id='word_1_175' title='bbox 788 2849 863 2913; x_wconf 80' lang='lat' dir='ltr'><strong>Kal.</strong></span> <span class='ocrx_word' id='word_1_176' title='bbox 873 2849 1011 2938; x_wconf 81' lang='lat' dir='ltr'><strong>Augusti</strong></span> <span class='ocrx_word' id='word_1_177' title='bbox 1025 2858 1106 2936; x_wconf 74' lang='lat'>1546</span> 
     </span>
     <span class='ocr_line' id='line_1_24' title="bbox 53 2958 826 3048; baseline -0.001 -22"><span class='ocrx_word' id='word_1_178' title='bbox 53 2964 202 3048; x_wconf 87' lang='lat' dir='ltr'><strong>scriptas,</strong></span> <span class='ocrx_word' id='word_1_179' title='bbox 223 2983 241 3023; x_wconf 93' lang='lat' dir='ltr'><strong>e</strong></span> <span class='ocrx_word' id='word_1_180' title='bbox 260 2958 373 3045; x_wconf 93' lang='lat' dir='ltr'><strong>quibus</strong></span> <span class='ocrx_word' id='word_1_181' title='bbox 392 2959 469 3023; x_wconf 90' lang='lat' dir='ltr'><strong>baec</strong></span> <span class='ocrx_word' id='word_1_182' title='bbox 488 2972 613 3024; x_wconf 88' lang='lat' dir='ltr'><strong>tautum</strong></span> <span class='ocrx_word' id='word_1_183' title='bbox 632 2964 826 3046; x_wconf 84' lang='lat' dir='ltr'><strong>cognoscite:</strong></span> 
     </span>
    </p>

    <p class='ocr_par' dir='ltr' id='par_1_5' title="bbox 137 3066 1105 3161">
     <span class='ocr_line' id='line_1_25' title="bbox 137 3066 1105 3161; baseline 0.009 -30"><span class='ocrx_word' id='word_1_184' title='bbox 137 3109 181 3122; x_wconf 90' lang='lat'>-</span> <span class='ocrx_word' id='word_1_185' title='bbox 207 3068 334 3131; x_wconf 88' lang='lat' dir='ltr'><strong>Verum</strong></span> <span class='ocrx_word' id='word_1_186' title='bbox 353 3067 433 3132; x_wconf 90' lang='lat' dir='ltr'><strong>nihil</strong></span> <span class='ocrx_word' id='word_1_187' title='bbox 462 3066 547 3153; x_wconf 90' lang='lat' dir='ltr'><strong>apud</strong></span> <span class='ocrx_word' id='word_1_188' title='bbox 572 3090 627 3131; x_wconf 91' lang='lat' dir='ltr'><strong>me</strong></span> <span class='ocrx_word' id='word_1_189' title='bbox 652 3070 724 3154; x_wconf 88' lang='lat' dir='ltr'><strong>plus</strong></span> <span class='ocrx_word' id='word_1_190' title='bbox 744 3069 862 3157; x_wconf 86' lang='lat' dir='ltr'><strong>valuit,</strong></span> <span class='ocrx_word' id='word_1_191' title='bbox 883 3093 980 3157; x_wconf 89' lang='lat' dir='ltr'><strong>quam</strong></span> <span class='ocrx_word' id='word_1_192' title='bbox 1005 3078 1105 3161; x_wconf 90' lang='lat' dir='ltr'><strong>primi</strong></span> 
     </span>
    </p>

    <p class='ocr_par' dir='ltr' id='par_1_6' title="bbox 137 3175 1104 3264">
     <span class='ocr_line' id='line_1_26' title="bbox 137 3175 1104 3264; baseline 0.006 -22"><span class='ocrx_word' id='word_1_193' title='bbox 137 3178 290 3264; x_wconf 88' lang='lat' dir='ltr'><strong>temporis</strong></span> <span class='ocrx_word' id='word_1_194' title='bbox 310 3175 503 3261; x_wconf 81' lang='lat' dir='ltr'><strong>recordatio,</strong></span> <span class='ocrx_word' id='word_1_195' title='bbox 522 3193 586 3259; x_wconf 91' lang='lat' dir='ltr'><strong>quo</strong></span> <span class='ocrx_word' id='word_1_196' title='bbox 607 3197 682 3262; x_wconf 89' lang='lat' dir='ltr'><strong>ego,</strong></span> <span class='ocrx_word' id='word_1_197' title='bbox 702 3191 826 3262; x_wconf 89' lang='lat' dir='ltr'><strong>apatre</strong></span> <span class='ocrx_word' id='word_1_198' title='bbox 844 3183 959 3244; x_wconf 86' lang='lat' dir='ltr'><strong>missus</strong></span> <span class='ocrx_word' id='word_1_199' title='bbox 979 3180 1019 3245; x_wconf 89' lang='lat' dir='ltr'><strong>ad</strong></span> <span class='ocrx_word' id='word_1_200' title='bbox 1036 3183 1104 3248; x_wconf 88' lang='lat' dir='ltr'><strong>dis-</strong></span> 
     </span>
    </p>

    <p class='ocr_par' dir='ltr' id='par_1_7' title="bbox 136 3283 1186 4018">
     <span class='ocr_line' id='line_1_27' title="bbox 136 3283 1104 3369; baseline 0.004 -20"><span class='ocrx_word' id='word_1_201' title='bbox 136 3287 274 3350; x_wconf 90' lang='lat' dir='ltr'><strong>cendum</strong></span> <span class='ocrx_word' id='word_1_202' title='bbox 293 3286 342 3369; x_wconf 88' lang='lat' dir='ltr'><strong>jus</strong></span> <span class='ocrx_word' id='word_1_203' title='bbox 363 3284 472 3364; x_wconf 90' lang='lat' dir='ltr'><strong>civile,</strong></span> <span class='ocrx_word' id='word_1_204' title='bbox 493 3303 619 3369; x_wconf 89' lang='lat' dir='ltr'><strong>graecas</strong></span> <span class='ocrx_word' id='word_1_205' title='bbox 639 3283 755 3348; x_wconf 90' lang='lat' dir='ltr'><strong>litteras</strong></span> <span class='ocrx_word' id='word_1_206' title='bbox 774 3297 807 3348; x_wconf 91' lang='lat' dir='ltr'><strong>te</strong></span> <span class='ocrx_word' id='word_1_207' title='bbox 826 3284 958 3351; x_wconf 89' lang='lat' dir='ltr'><strong>authore</strong></span> <span class='ocrx_word' id='word_1_208' title='bbox 978 3310 1014 3352; x_wconf 89' lang='lat' dir='ltr'><strong>ac</strong></span> <span class='ocrx_word' id='word_1_209' title='bbox 1030 3313 1104 3354; x_wconf 90' lang='lat' dir='ltr'><strong>ma-</strong></span> 
     </span>
     <span class='ocr_line' id='line_1_28' title="bbox 137 3390 1105 3482; baseline 0.006 -24"><span class='ocrx_word' id='word_1_210' title='bbox 137 3399 253 3482; x_wconf 83' lang='lat' dir='ltr'><strong>gistre,</strong></span> <span class='ocrx_word' id='word_1_211' title='bbox 280 3391 406 3480; x_wconf 87' lang='lat' dir='ltr'><strong>Legum</strong></span> <span class='ocrx_word' id='word_1_212' title='bbox 428 3390 529 3457; x_wconf 88' lang='lat' dir='ltr'><strong>studio</strong></span> <span class='ocrx_word' id='word_1_213' title='bbox 556 3395 743 3479; x_wconf 85' lang='lat' dir='ltr'><strong>permiscui,</strong></span> <span class='ocrx_word' id='word_1_214' title='bbox 774 3414 851 3478; x_wconf 86' lang='lat' dir='ltr'><strong>quas</strong></span> <span class='ocrx_word' id='word_1_215' title='bbox 876 3406 952 3458; x_wconf 87' lang='lat' dir='ltr'><strong>tunc</strong></span> <span class='ocrx_word' id='word_1_216' title='bbox 978 3418 1105 3464; x_wconf 88' lang='lat' dir='ltr'><strong>summa</strong></span> 
     </span>
     <span class='ocr_line' id='line_1_29' title="bbox 138 3499 1104 3591; baseline 0.004 -25"><span class='ocrx_word' id='word_1_217' title='bbox 138 3526 213 3566; x_wconf 89' lang='lat' dir='ltr'><strong>cum</strong></span> <span class='ocrx_word' id='word_1_218' title='bbox 241 3502 334 3567; x_wconf 92' lang='lat' dir='ltr'><strong>laude</strong></span> <span class='ocrx_word' id='word_1_219' title='bbox 360 3501 567 3588; x_wconf 84' lang='lat' dir='ltr'><strong>profitebaris.</strong></span> <span class='ocrx_word' id='word_1_220' title='bbox 613 3499 728 3585; x_wconf 89' lang='lat' dir='ltr'><strong>Neque</strong></span> <span class='ocrx_word' id='word_1_221' title='bbox 754 3520 833 3566; x_wconf 90' lang='lat' dir='ltr'><strong>vero</strong></span> <span class='ocrx_word' id='word_1_222' title='bbox 861 3523 921 3588; x_wconf 90' lang='lat' dir='ltr'><strong>per</strong></span> <span class='ocrx_word' id='word_1_223' title='bbox 946 3516 978 3568; x_wconf 89' lang='lat' dir='ltr'><strong>te</strong></span> <span class='ocrx_word' id='word_1_224' title='bbox 1003 3511 1104 3591; x_wconf 86' lang='lat' dir='ltr'><strong>stetit,</strong></span> 
     </span>
     <span class='ocr_line' id='line_1_30' title="bbox 138 3610 1104 3701; baseline 0.005 -27"><span class='ocrx_word' id='word_1_225' title='bbox 138 3616 216 3697; x_wconf 93' lang='lat' dir='ltr'><strong>quin</strong></span> <span class='ocrx_word' id='word_1_226' title='bbox 231 3614 367 3696; x_wconf 89' lang='lat' dir='ltr'><strong>majores</strong></span> <span class='ocrx_word' id='word_1_227' title='bbox 381 3610 519 3674; x_wconf 85' lang='lat' dir='ltr'><strong>facerem</strong></span> <span class='ocrx_word' id='word_1_228' title='bbox 534 3631 731 3697; x_wconf 86' lang='lat' dir='ltr'><strong>progressus:</strong></span> <span class='ocrx_word' id='word_1_229' title='bbox 750 3632 884 3676; x_wconf 89' lang='lat' dir='ltr'><strong>manum</strong></span> <span class='ocrx_word' id='word_1_230' title='bbox 899 3615 1001 3701; x_wconf 86' lang='lat' dir='ltr'><strong>enlm,</strong></span> <span class='ocrx_word' id='word_1_231' title='bbox 1021 3636 1104 3701; x_wconf 86' lang='lat' dir='ltr'><strong>quae</strong></span> 
     </span>
     <span class='ocr_line' id='line_1_31' title="bbox 136 3719 1103 3806; baseline 0.005 -25"><span class='ocrx_word' id='word_1_232' title='bbox 136 3731 190 3781; x_wconf 88' lang='lat' dir='ltr'><strong>tua</strong></span> <span class='ocrx_word' id='word_1_233' title='bbox 211 3730 256 3782; x_wconf 87' lang='lat' dir='ltr'><strong>est</strong></span> <span class='ocrx_word' id='word_1_234' title='bbox 275 3719 469 3806; x_wconf 89' lang='lat' dir='ltr'><strong>humanitas,</strong></span> <span class='ocrx_word' id='word_1_235' title='bbox 489 3721 652 3806; x_wconf 88' lang='lat' dir='ltr'><strong>porrigere</strong></span> <span class='ocrx_word' id='word_1_236' title='bbox 671 3740 740 3783; x_wconf 92' lang='lat' dir='ltr'><strong>non</strong></span> <span class='ocrx_word' id='word_1_237' title='bbox 757 3741 929 3785; x_wconf 85' lang='lat' dir='ltr'><strong>recusasses</strong></span> <span class='ocrx_word' id='word_1_238' title='bbox 944 3721 984 3785; x_wconf 90' lang='lat' dir='ltr'><strong>ad</strong></span> <span class='ocrx_word' id='word_1_239' title='bbox 999 3736 1103 3786; x_wconf 87' lang='lat' dir='ltr'><strong>totum</strong></span> 
     </span>
     <span class='ocr_line' id='line_1_32' title="bbox 137 3824 1102 3912; baseline 0.007 -25"><span class='ocrx_word' id='word_1_240' title='bbox 137 3824 228 3888; x_wconf 90' lang='lat' dir='ltr'><strong>stadii</strong></span> <span class='ocrx_word' id='word_1_241' title='bbox 255 3825 439 3909; x_wconf 84' lang='lat' dir='ltr'><strong>decursum,</strong></span> <span class='ocrx_word' id='word_1_242' title='bbox 469 3829 531 3889; x_wconf 91' lang='lat' dir='ltr'><strong>nisi</strong></span> <span class='ocrx_word' id='word_1_243' title='bbox 558 3848 612 3890; x_wconf 93' lang='lat' dir='ltr'><strong>me</strong></span> <span class='ocrx_word' id='word_1_244' title='bbox 638 3825 678 3888; x_wconf 92' lang='lat' dir='ltr'><strong>ab</strong></span> <span class='ocrx_word' id='word_1_245' title='bbox 705 3830 780 3910; x_wconf 90' lang='lat' dir='ltr'><strong>ipsis</strong></span> <span class='ocrx_word' id='word_1_246' title='bbox 805 3848 906 3912; x_wconf 90' lang='lat' dir='ltr'><strong>prope</strong></span> <span class='ocrx_word' id='word_1_247' title='bbox 927 3827 1102 3894; x_wconf 89' lang='lat' dir='ltr'><strong>carceribus</strong></span> 
     </span>
     <span class='ocr_line' id='line_1_33' title="bbox 137 3931 1186 4018; baseline 0.006 -21"><span class='ocrx_word' id='word_1_248' title='bbox 137 3953 226 3997; x_wconf 87' lang='lat' dir='ltr'><strong>mors</strong></span> <span class='ocrx_word' id='word_1_249' title='bbox 248 3938 345 4018; x_wconf 85' lang='lat' dir='ltr'><strong>patris</strong></span> <span class='ocrx_word' id='word_1_250' title='bbox 365 3946 552 4000; x_wconf 85' lang='lat' dir='ltr'><strong>revocasset.</strong></span> <span class='ocrx_word' id='word_1_251' title='bbox 594 3934 670 4002; x_wconf 89' lang='lat' dir='ltr'><strong>Hoc</strong></span> <span class='ocrx_word' id='word_1_252' title='bbox 688 3948 797 3999; x_wconf 88' lang='lat' dir='ltr'><strong>tamen</strong></span> <span class='ocrx_word' id='word_1_253' title='bbox 815 3940 948 4001; x_wconf 90' lang='lat' dir='ltr'><strong>nomine</strong></span> <span class='ocrx_word' id='word_1_254' title='bbox 968 3934 1102 4003; x_wconf 88' lang='lat' dir='ltr'><strong>tibinou</strong></span> <span class='ocrx_word' id='word_1_255' title='bbox 1177 3931 1186 3950; x_wconf 77' lang='grc'>’</span> 
     </span>
    </p>
   </div>
   <div class='ocr_carea' id='block_1_3' title="bbox 0 0 1392 5124">
    <p class='ocr_par' dir='ltr' id='par_1_8' title="bbox 0 0 1392 5124">
     <span class='ocr_line' id='line_1_34' title="bbox 0 0 1392 5124; baseline 0 2"><span class='ocrx_word' id='word_1_256' title='bbox 0 0 1392 5124; x_wconf 95' lang='lat' dir='ltr'><strong> </strong></span> 
     </span>
    </p>
   </div>
  </div>
 </body>
</html>
