2776 5124
167 426 204 487 16
445 413 637 480 Eorroars
676 413 928 480 Praerarro.

160 596 271 673 utpote
289 597 375 645 anno
394 574 520 664 abhinc,
540 576 690 644 suadente
700 579 859 665 Lowrn0,
880 575 1064 645 constitutus
1076 577 1217 646 abAca-

152 695 269 759 .demia
296 687 337 753 ad
364 683 521 750 edendam
541 685 586 752 N.
605 687 648 754 T.
669 693 853 758 versionem
873 686 1040 776 Syriacam
1060 686 1217 758 Philoxe-

162 805 303 884 nianam,
323 816 463 882 quocum
482 795 632 860 intimam
651 799 794 871 contraxi
811 798 996 883 amicitiam,
1014 817 1084 883 per·
1096 795 1219 861 litteras

163 930 292 996 quoque
311 905 538 989 continuatam,
556 902 659 968 studia
676 924 750 970 mea
770 901 1010 992 quibuscunque
1033 902 1129 969 rebus
1150 925 1219 992 po-

154 1017 255 1101 terat,
274 1013 402 1101 egregie
417 1013 512 1099 juvit,
518 1010 744 1077 bibliothecam
759 1024 884 1100 praeter
894 1010 989 1077 horas
995 1011 1124 1099 diesque
1135 1033 1220 1079 con-

165 1137 271 1191 suetos
290 1121 373 1187 mihi
391 1123 522 1206 aperuit,
543 1119 783 1207 innumerisque
803 1120 915 1186 ofliciis
934 1144 989 1187 me
1008 1121 1069 1189 sibi
1081 1123 1221 1192 reddidit

165 1232 448 1301 devinctissimum.
496 1224 669 1294 Swmrorn
700 1240 862 1316 praeterea
888 1230 986 1298 celeb.
1017 1232 1221 1323 aliorumque

165 1347 312 1409 viromm
331 1336 500 1424 doctomm
517 1336 681 1422 colloquiis
700 1358 794 1426 saepe
805 1339 957 1404 usus-fui:
978 1339 1144 1407 Hormou
1158 1365 1221 1406 au-

165 1466 243 1535 tem,
263 1437 481 1516 venerabilem
500 1464 622 1529 senem,
642 1449 756 1531 pietate
775 1467 812 1511 ac
830 1449 1009 1535 integritate
1022 1467 1091 1513 non
1110 1452 1221 1516 minus

167 1582 265 1649 quam
282 1558 473 1621 meritorum
493 1556 649 1640 gravitate
668 1558 895 1642 conspicuum,
927 1567 959 1620 et
982 1554 1222 1648 Wnrrrrrurr,

167 1672 308 1736 Lowrnr
327 1668 362 1728 in
382 1663 524 1728 docenda
543 1674 610 1725 arte
620 1663 743 1747 poetica
751 1685 964 1729 successorem
975 1669 1219 1731 meritissimum

166 1793 235 1845 tam
253 1773 335 1840 mihi
352 1769 527 1836 benevolos
546 1766 653 1845 habui,
672 1780 708 1831 ut
726 1772 811 1835 vitae
830 1771 913 1835 illius
937 1771 1130 1839 Oxoniensis
1147 1799 1224 1840 me-

170 1889 276 1954 moria
299 1900 366 1948 non
394 1880 492 1966 possit
516 1897 584 1942 non
609 1872 691 1939 mihi
707 1896 767 1961 per
786 1899 920 1978 omnem
939 1883 1041 1950 vitam
1060 1905 1127 1948 esse
1147 1885 1226 1950 dul.

167 1997 303 2061 cissima.
410 2072 416 2084 ¹

192 2100 194 2103 ’
251 2101 324 2167 Nec
342 2096 504 2165 minorem
524 2094 744 2187 cantabrigiae
770 2109 916 2188 expertus
942 2097 991 2166 fui
1019 2101 1222 2192 optimorum

166 2213 397 2278 Britannorum
417 2211 552 2294 gratiam
570 2229 607 2269 ac
626 2208 867 2298 humanitatem,
886 2214 1033 2299 inprimis
1047 2235 1224 2280 nrucnrrr-

168 2318 396 2406 run-Episcopi
415 2311 678 2401 Petroburgensis
697 2319 964 2406 reverendissimi,
982 2320 1111 2406 Lorrrr,
1136 2321 1223 2408 prof.

168 2429 283 2516 graeci,
302 2424 513 2511 Hnrnrraxrr,
531 2421 658 2511 linguae
676 2424 776 2492 Arab.
795 2439 881 2514 tum,
909 2449 995 2511 nunc
1013 2430 1123 2515 legum
1143 2451 1226 2515 pro-

170 2537 307 2621 fessoris,
326 2533 537 2618 aliorumque,
558 2552 698 2617 quorum
717 2540 910 2601 memoriam
930 2542 1104 2602 etiamnum
1117 2550 1226 2625 gratus

168 2664 319 2712 veneror.
360 2637 423 2706 Sed
442 2657 620 2727 paucorum
641 2641 766 2707 diemm
784 2649 885 2731 spatio
905 2644 1124 2710 continebatur
1150 2668 1227 2711 mea

170 2754 207 2816 in
225 2749 284 2821 hac
303 2747 467 2814 academia
487 2753 715 2841 commoratio,
747 2753 834 2839 quod
862 2753 902 2818 de
928 2753 1015 2818 abitu
1034 2753 1165 2818 tandem
1185 2775 1228 2820 ex

170 2857 337 2923 Britannia
356 2868 423 2920 crat
442 2858 656 2943 cogitandum.

256 2962 346 3030 Nam
366 2967 496 3029 ineunte
515 2979 630 3031 aestate
648 2989 702 3035 an.
722 2962 818 3036 LXX
837 2974 976 3040 valedixi
1000 2972 1137 3057 Insulae,
1155 2987 1229 3040 tra-

171 3079 316 3165 jectoque
347 3072 428 3137 freto
456 3067 608 3138 Caletano
633 3079 747 3143 itinere
776 3087 926 3146 continuo
953 3087 1030 3169 petii
1055 3084 1228 3151 Lutetiam.
1255 3081 1257 3085 ’

175 3185 216 3249 In
236 3182 296 3247 hac
316 3180 397 3246 urbe
414 3184 459 3246 ita
477 3195 602 3268 tempus
622 3180 773 3275 disposuI,
791 3203 828 3256 ut
846 3192 974 3280 singulis
987 3191 1095 3256 diebus
1106 3191 1228 3259 biblio-

171 3292 298 3358 thecam
316 3289 440 3359 adirem
458 3288 622 3379 publicam
643 3290 697 3361 vel
716 3294 866 3386 Regiam,
893 3299 947 3367 vel
966 3299 1228 3388 sangermanen-

172 3424 253 3490 sem,
272 3399 327 3468 vel
346 3389 615 3490 Geuolevensem,
636 3400 751 3488 quibus
769 3419 878 3490 postea
897 3409 994 3470 etiam
1013 3412 1142 3474 accessit
1153 3413 1229 3496 pri-

173 3523 250 3577 vata
268 3505 475 3597 Sorbonnica,
494 3512 581 3597 cujus
602 3509 849 3598 frequentandae
860 3518 990 3582 veniam
998 3514 1230 3583 humanissime

174 3615 256 3683 mihi
276 3620 427 3683 concessit
451 3615 526 3683 clar.
550 3616 719 3708 Aornum,
744 3621 840 3689 theol.
864 3625 901 3688 in
928 3622 1062 3711 collegio
1089 3621 1230 3691 Sorbon.

175 3725 298 3792 doctor.
337 3726 440 3792 Domi
466 3739 573 3792 autem
597 3749 672 3794 usus
697 3730 743 3794 fui
771 3754 869 3820 opera
895 3728 1036 3798 hominis
1063 3731 1229 3830 cujusdam

176 3834 367 3923 Maronitae,
386 3833 513 3901 Halebo
533 3833 673 3926 oriundi,
692 3841 749 3925 qui
770 3861 826 3906 me
850 3840 982 3929 singulis
1007 3840 1118 3907 diebus
1144 3862 1229 3908 con-

160 3945 333 4036 ¹ueniebat,
355 3949 570 4038 scriptumque
588 3943 717 4034 aliquod
735 3942 910 4045 Arabicum
923 3968 1057 4019 mecum
1082 3961 1230 4101 pertratp·
