2776 5124
279 487 318 555 54
553 456 1042 549 Parr.Mcerrcuruor1s

277 669 381 736 neque
402 663 564 730 veroque
586 652 707 708 veteres
726 637 844 725 modo,
872 641 928 726 qui
953 640 1068 704 imitati
1093 638 1328 727 potiusquam

277 757 473 844 interpretati
490 750 648 820 videntur.
691 747 745 815 Tu
773 742 919 836 interim,
950 746 1029 813 dum
1048 747 1127 813 illud
1145 749 1329 816 absolutum

277 863 380 953 fuerit,
400 862 483 928 hanc
500 858 582 925 habe
600 857 831 926 oratiunculam
850 856 985 931 officiosi
1002 859 1104 923 animi
1121 854 1309 925 testem“-

362 972 491 1037 Verum
510 966 587 1034 haec
604 966 689 1037 levia
709 966 812 1037 videri
831 968 951 1054 possint
970 979 1001 1035 et
1019 969 1137 1034 tenuia.
1186 962 1251 1035 Sed
1271 966 1332 1034 ad·

281 1093 355 1148 sunt
372 1077 435 1146 alia
454 1082 601 1169 graviora
619 1088 704 1145 certe
722 1093 782 1169 pro‘
802 1080 925 1150 sarone
944 1079 1070 1170 aetatis,
1099 1098 1136 1145 ac
1161 1074 1244 1144 adeo
1265 1080 1332 1144 mi-

238 1206 241 1215 “
282 1187 392 1256 tanda.

364 1295 427 1369 IV.
448 1292 561 1360 Publii
585 1293 726 1360 Terentii
750 1294 931 1362 comoedias
958 1293 1059 1358 edidit
1076 1292 1332 1378 Melanchthom

283 1403 344 1467 vix
374 1423 479 1466 annos
507 1399 710 1486 undeviginti
734 1413 841 1470 nutus.
887 1396 1011 1467 Prodiit
1036 1399 1131 1465 editio
1162 1399 1334 1488 Tuhingae

283 1533 394 1587 mense
413 1510 532 1574 Martio
557 1513 647 1576 1516.
669 1513 701 1588 4.
719 1506 823 1574 Frons
842 1508 916 1576 libri
934 1511 1012 1575 haee
1037 1508 1148 1578 refert:
1168 1509 1247 1596 „Ad
1264 1510 1334 1576 lec-

285 1633 401 1687 torem.
446 1615 599 1710 Quisquis
625 1638 676 1704 es,
704 1621 755 1681 cni
781 1622 910 1683 romani
932 1622 1090 1684 sermonis
1114 1617 1269 1705 elegantia
1289 1631 1337 1684 est

286 1727 392 1815 cordi,
418 1725 603 1814 hortamur,
634 1723 836 1808 ipTerentii
860 1725 982 1791 fabulas
1008 1731 1123 1793 animis
1142 1725 1335 1796 incumbite.

285 1833 372 1903 Usus
392 1847 457 1899 esto
476 1832 645 1915 librorum,
663 1835 718 1918 qui
742 1837 860 1899 nostris
887 1833 1031 1899 formulis
1056 1840 1161 1901 excusi
1188 1850 1338 1924 spectan-

287 1954 349 2010 tur.
389 1943 437 2007 Hi
456 1947 483 2009 si
500 1940 608 2009 studiis
628 1941 997 2030 intercesserint,frugem
1008 1943 1076 2031 tibi,
1088 1943 1232 2012 Tuome
1240 1946 1338 2011 Aus-

194 2096 198 2105 ,
287 2072 396 2119 numo
416 2053 710 2138 gratiam,utrisque
728 2050 856 2115 laudem
875 2057 1034 2137 pariunto.
1076 2053 1116 2120 Id
1136 2053 1339 2121 mereturla-

286 2159 365 2249 hos,
397 2165 453 2248 qui
477 2160 531 2228 vel
557 2160 651 2225 nobis
677 2153 812 2246 quantus
835 2159 939 2247 fuerit,
959 2182 1026 2224 non
1044 2161 1201 2248 praedico.
1238 2158 1341 2231 'Aurd

290 2269 398 2350 δείξειε
418 2257 521 2333 Modo
542 2270 641 2336 lector
660 2270 779 2354 faveto,
799 2271 908 2353 emite,
939 2280 1075 2337 versate.
1123 2268 1201 2336 Tibi
1226 2293 1342 2342 musae

289 2374 433 2441 Terentii
450 2376 651 2441 comoediam
670 2374 843 2443 dicarunt.“
1147 2462 1151 2470 f

373 2481 530 2552 Praefatio
553 2484 594 2548 ad
612 2484 756 2553 Parrum
777 2485 1035 2558 Gnussanururr
1067 2483 1343 2574 salisburgensem

293 2597 422 2682 exponit
442 2594 481 2659 de
490 2605 562 2662 ortu
574 2615 611 2661 ac
621 2617 788 2682 progressu
801 2593 983 2660 comoediae
999 2593 1083 2680 apud
1097 2607 1221 2661 veteres
1234 2595 1344 2663 Grae-

295 2724 348 2768 cos
380 2699 585 2790 Latinosque.
637 2703 872 2770 Praefationem
900 2703 1059 2790 excipiunt
1083 2716 1270 2791 praecepta,
1312 2718 1344 2770 et

295 2812 386 2896 quasi
403 2811 645 2898 prolegomena,
666 2809 705 2875 de
724 2811 890 2877 comoedia
912 2812 1071 2877 universe.
1117 2810 1308 2903 Quamnam
1326 2837 1346 2879 e

294 2918 454 3005 prioribus
474 2917 662 2984 editionibus
680 2924 848 3005 praecipue
866 2935 972 2989 secuta
997 2925 1037 2988 sit
1055 2922 1132 2988 haec
1150 2914 1345 3011 Tubingen-

297 3032 349 3112 sis,
369 3028 422 3092 alii
442 3026 614 3112 dispiciant.
663 3023 837 3115 Praecipua
863 3032 930 3115 ejus
948 3029 1016 3097 laus
1034 3034 1069 3096 in
1088 3031 1150 3094 hoc
1169 3037 1270 3117 posita
1288 3047 1346 3107 est,

296 3136 383 3221 quod
402 3138 591 3219 orationem,
610 3155 708 3222 quam
728 3135 850 3204 codices
877 3149 909 3204 et
931 3141 1165 3227 antiquissimae
1192 3140 1347 3208 editiones

297 3243 415 3332 absque
435 3266 588 3313 versuum
607 3243 806 3310 distinctione
825 3243 989 3332 exhibent,
1016 3258 1121 3309 metro
1140 3253 1347 3338 numerisque

296 3352 696 3441 restituitMmsncrrnor,
715 3365 753 3420 et·
765 3353 813 3420 adv
824 3354 964 3444 singulos
976 3367 1073 3446 aetus,
1088 3356 1181 3444 quale
1192 3379 1347 3428 versuum

300 3482 399 3547 genus
418 3463 468 3547 sit,
486 3460 659 3530 adnotavit.

380 3565 589 3661 V.·Q1snto
628 3568 701 3635 loco
741 3584 927 3659 comparent
961 3571 1180 3638 Institutioues
1206 3595 1345 3659 grecam

301 3679 545 3761 grammaticae.
563 3677 596 3745 4.
622 3679 763 3747 Emissus
791 3694 838 3748 est
855 3679 908 3746 hic
925 3681 1004 3748 liber
1022 3699 1108 3746 anno
1132 3677 1260 3757 ¹decimo
1288 3703 1348 3746 oc-

300 3793 388 3869 tavo,
408 3776 517 3869 mense
536 3786 831 3876 Maj0,Hagenoae,
851 3804 926 3877 quo,
942 3789 1020 3854 dum
1034 3786 1249 3874 excuderetur,
1269 3811 1349 3854 auc·-

300 3901 355 3955 tor
380 3897 447 3978 ipse
471 3895 664 3982 aliquamdiu
693 3910 885 3963 concesserat
911 3893 952 3963 ad
974 3896 1145 3963 editionem
1164 3898 1349 3966 curandam.

305 3993 414 4088 Quam
432 4001 609 4088 plurimum
630 4004 711 4070 hanc
728 4012 968 4092 grammaticam
997 4028 1180 4093 graecarum
1208 4007 1347 4070 studium
