2776 5124
397 457 441 504 tn
462 432 623 512 Carneum
644 438 725 500 Vm.
743 434 884 500 Trsrtn.
1099 443 1159 516 249

118 604 209 674 Haec
228 625 307 679 vero
326 602 427 668 multa
446 605 513 688 ejus
532 603 612 685 loca,
633 623 714 690 quae
728 600 911 666 obscuriora
925 613 1010 688 sunt,
1030 600 1084 668 vel
1096 622 1164 664 esse

117 727 280 805 putantur,
291 714 361 779 luce
373 711 546 800 perfimdit5
569 710 640 798 alia,
655 731 735 797 quae
748 722 822 774 sunt
835 712 942 774 minus
957 723 1042 775 recte
1056 723 1162 778 trans-

117 826 195 911 lata,
223 826 268 889 ita
294 823 450 910 explicare
476 822 583 906 docet,
608 834 644 884 ut
668 822 790 884 occasio
812 822 927 883 erroris
953 819 1156 906 intelligatur,

115 932 231 1021 multa,
256 954 335 1019 quae
357 932 480 1003 diversa
500 929 594 1016 plane
613 950 680 994 esse
697 928 845 996 videntur
864 951 882 992 a
900 940 985 992 textu
1004 930 1160 1028 originali,

114 1044 150 1104 in
176 1053 299 1127 gratam
320 1063 394 1105 cum
413 1062 452 1106 eo
473 1037 678 1104 concordiam
696 1037 826 1104 reducit·
872 1037 936 1108 Sed
960 1039 1056 1106 video
1072 1043 1159 1125 jam,

113 1169 175 1215 vos
195 1171 214 1213 a
233 1171 288 1213 me
308 1163 486 1236 expectare,
507 1158 544 1211 ut
563 1145 653 1212 dictis
664 1141 769 1228 fidem
791 1168 918 1234 quoque
937 1147 1052 1212 faciam
1070 1154 1161 1216 meis.

111 1254 224 1334 Liceat
249 1260 354 1344 itaque
380 1281 483 1326 unum
502 1256 679 1321 alterumve
697 1249 881 1343 exemplum
900 1257 1043 1344 proferre
1061 1280 1160 1344 quam

112 1361 318 1434 brevissimis.
360 1366 412 1454 (1)
435 1363 576 1457 Quando
595 1363 684 1428 Deus
710 1363 796 1453 apud
816 1363 994 1431 Jeremiam
1019 1367 1161 1455 prophe-

113 1483 181 1538 tam
209 1473 310 1557 (xxxr.
333 1475 402 1559 32.)
433 1476 535 1562 capite
564 1474 723 1536 trIcesimo
754 1477 879 1562 primo,
915 1478 1161 1541 inconstantiam

112 1583 283 1669 exprobrat
302 1585 453 1673 Judaeis,
485 1602 548 1670 qua
573 1583 700 1649 irritum
721 1580 852 1648 fecerint
871 1581 980 1650 foedus
1001 1607 1074 1650 cum
1098 1587 1161 1653 iilis

114 1711 313 1767 contractum
339 1702 488 1791 additque
514 1709 573 1800 ῦς
594 1681 727 1799 Ἶῆξζζξ
751 1693 875 1799 DQ]
902 1711 996 1788 atque
1022 1724 1082 1790 ego
1108 1717 1160 1767 ta·

111 1833 190 1876 men
217 1814 402 1878 dominatus
428 1837 501 1882 sum
526 1819 561 1880 in
585 1837 640 1882 eos
662 1816 714 1899 (ut
737 1814 925 1902 plerumque
948 1821 1099 1905 accipitur
1118 1821 1158 1884 ab

110 1920 364 2007 interpretibus);
393 1945 492 2015 quam
516 1947 632 2014 parum
654 1937 797 1990 accurata
824 1929 931 2010 primo
953 1928 1069 1991 intuitu
1092 1949 1159 1992 esse

111 2028 239 2095 videtur
263 2034 417 2095 sententia
437 2053 641 2119 graecorum,
673 2031 800 2118 quando
821 2032 882 2096 hoc
901 2033 1002 2096 modo
1022 2034 1160 2102 reddunt

110 2138 205 2200 istam
228 2133 441 2228 locutionem,
468 2142 526 2209 καὶ
552 2135 615 2225 ἐγὼ
636 2133 788 2226 ἠμέλησα
813 2135 936 2229 ἀυτῶν,
966 2152 998 2202 et
1017 2165 1075 2228 ego
1097 2169 1158 2209 ae-

110 2241 202 2330 glcxi
223 2243 304 2309 eos?
335 2245 401 2313 Sed
425 2271 464 2316 ex
483 2248 622 2314 Arabica
645 2248 752 2335 lingua
774 2254 991 2335 cognoscitur,
1021 2250 1158 2317 verbum

111 2342 196 2460 ¹723
216 2385 283 2429 non
299 2368 407 2433 minus
415 2362 614 2451 fastidiendi
628 2363 892 2451 significationem
908 2365 1039 2455 habere,
1061 2391 1159 2455 quam

110 2482 270 2546 notiorem
288 2477 379 2542 illam
397 2498 435 2543 ac
453 2476 716 2567 frequentiorem,
743 2475 941 2551 dominandi.
983 2483 1038 2569 (2)
1058 2487 1159 2575 Apud

109 2586 238 2650 Esaiam
258 2585 448 2674 prophetam
474 2585 607 2671 (namn.
631 2585 686 2672 16)
712 2603 782 2675 cap.
799 2591 953 2656 vicesimo
974 2606 1089 2663 octavo
1108 2597 1161 2663 le·

109 2708 207 2798 gitur:
231 2701 334 2802 &³172
352 2685 413 2781 Νι)
432 2712 609 2804 ῙῚΒΒἺΕΠ]
633 2715 665 2766 et
682 2705 739 2787 qui
753 2704 868 2790 credit,
889 2729 955 2770 aon
968 2704 1157 2790 festinabit.-

108 2820 165 2885 sed
180 2816 298 2886 Graeci
317 2821 536 2909 reddiderunt,
562 2821 620 2888 καὶ
647 2812 665 2888 ὁ
686 2811 828 2894 areauna
851 2811 899 2883 ἐπ’
920 2811 1012 2913 ἀντῷ
1029 2818 1069 2889 οὐ
1092 2849 1157 2894 κα-

109 2925 411 3018 ταισχυνθήσεται,
445 2952 511 2993 non
537 2921 691 3016 pudefiat.
740 2921 866 2993 Scilicet
895 2926 1021 2994 arabica
1050 2933 1159 3024 radix,

109 3061 193 3126 quae
219 3037 375 3104 hebraeae
402 3051 508 3103 exacte
536 3031 724 3122 respondet,
761 3035 920 3122 triplicem
949 3041 1019 3104 vim
1046 3041 1159 3134 habet,

107 3145 327 3236 festinationis,
362 3146 511 3236 pudoris,
543 3147 676 3209 timoris.
732 3141 785 3230 (3)
821 3143 1057 3235 Planissimam,
1077 3173 1160 3237 quae

109 3254 195 3341 apud
224 3253 434 3319 Habacucum
459 3252 641 3342 Cap.1.5.
666 3263 761 3339 extat,
792 3250 944 3339 loquendi
968 3256 1158 3350 formulam,

110 3363 227 3462 nam,
245 3379 315 3473 tro]
344 3368 448 3432 videte
474 3367 510 3430 iu
534 3366 697 3456 gentibus,
724 3368 919 3454 interpretati
947 3386 1020 3438 sunt
1044 3375 1160 3447 Graeci

108 3487 171 3555 hoo
197 3489 312 3554 modo:
346 3489 429 3555 ἴδετε
453 3486 486 3552 οἱ
510 3485 776 3577 καταφρονηταὶ,
804 3484 910 3547 videte
936 3503 1157 3562 contemtores.

108 3599 201 3664 Num
219 3601 313 3684 igitur
331 3594 534 3662 statuendum
554 3615 629 3658 cum
644 3591 747 3679 ‘Beza,
773 3588 906 3681 Gr0t10,
931 3596 1077 3686 aliisque,
1098 3601 1157 3667 ha.

109 3714 214 3781 buisse
238 3712 309 3776 illos
329 3714 365 3775 in
387 3732 445 3774 sao
466 3689 591 3797 codice,
618 3732 686 3776 non
706 3701 821 3799 ming
842 3709 927 3796 quod
947 3714 982 3776 in
1001 3711 1156 3782 hodierno

110 3849 171 3921 est,
199 3834 254 3902 sed
275 3827 414 3934 niuja
430 3829 738 3918 praevaricatores?
769 3833 836 3899 Vix
855 3832 1054 3902 crediderim.
1092 3835 1156 3904 Sed
