2776 5124
536 471 685 518 rouruua
705 467 901 522 surrruoars.
1182 466 1242 528 199

186 612 367 680 auctoribus
396 613 539 700 legendis
567 613 729 683 tribueret·
777 617 951 685 Insolentia
977 631 1044 686 tam
1071 621 1240 707 pertinacis

186 723 299 811 studii,
330 734 367 787 ut
392 723 461 788 aliis
486 723 691 790 admirationi
716 738 799 813 erat,
830 731 873 792 ita
898 730 1089 816 Magistrum
1112 731 1240 796 Domus

185 834 228 918 (s.
248 833 432 921 Ephorum)
454 833 651 898 Heilandnm
670 857 739 900 non
757 837 856 902 semel
874 841 1066 924 commovit,
1100 852 1134 902 ut
1153 839 1238 902 clam

182 943 278 1008 illum
305 946 539 1032 insequeretur,
567 944 801 1030 exploraturus,
830 944 908 1030 quid
932 948 979 1009 rei
998 943 1098 1009 fieret.
1138 944 1238 1008 Nuu-

185 1072 284 1137 quam
305 1065 412 1116 autem
432 1053 531 1116 alium
553 1051 758 1137 deprehendit
778 1073 875 1138 quam
891 1075 1020 1117 mensae
1036 1052 1235 1136 assidentem,

168 1171 277 1245 *atque
305 1164 402 1225 etiam
426 1163 461 1226 in
488 1162 646 1226 acerrimo
672 1160 793 1248 frigore
818 1159 938 1247 aliquid
963 1159 1017 1230 vel
1042 1159 1235 1226 lectitantem

180 1267 236 1336 vel
254 1281 501 1336 memorantem.

265 1377 419 1465 Magister
445 1377 561 1464 factus,
596 1375 713 1443 abhinc
740 1376 869 1444 mitiore
896 1375 1024 1440 fortuna
1050 1376 1097 1466 uti
1124 1387 1234 1440 noster

181 1489 296 1571 coepit.
344 1486 421 1551 Erat
449 1499 527 1550 tuno
554 1489 707 1571 temporis
736 1485 844 1551 schola
870 1497 978 1549 nostra
1005 1485 1107 1547 multo
1133 1503 1232 1569 quam

179 1615 267 1658 nunc
282 1593 525 1681 frequentatior,
544 1591 776 1658 confluentibus
791 1590 860 1680 hic,
879 1595 1021 1656 maxime
1037 1614 1076 1656 ex
1089 1594 1231 1676 Austria,

180 1699 306 1788 Styria,
328 1700 508 1788 Carinthia,
527 1702 695 1787 Moravia,
715 1698 836 1788 Silesia,
856 1712 887 1764 et
898 1720 979 1768 vero
994 1705 1089 1766 etiam
1102 1699 1231 1764 aliunde

174 1808 348 1893 juvenibus
369 1810 551 1897 permultis,
577 1822 615 1874 ut
633 1822 710 1874 teste
728 1810 870 1875 Martino
892 1807 1007 1876 Crusio
1027 1829 1113 1874 anno
1133 1825 1230 1893 supra

175 1918 384 1981 millesimum
400 1924 594 2006 sexagesimo
611 1939 699 1983 nono
715 1917 833 2005 (1569)
844 1918 1021 1984 litterarum
1031 1915 1162 1984 studiosi
1175 1935 1229 1980 es·

174 2037 246 2090 sent
266 2038 390 2091 tantum
410 2049 478 2091 non
498 2029 698 2113 septingenti·

210 2131 212 2135 ’
259 2133 417 2200 Miillerus
444 2157 524 2204 vero
549 2134 752 2200 Aristotelem
776 2143 864 2196 tanta
889 2130 1051 2222 diligentia
1074 2144 1228 2217 tantoque
1273 2130 1286 2182 s

173 2264 249 2306 cum
271 2265 412 2307 successu
432 2247 594 2330 cognitum
612 2242 672 2308 sibi
690 2240 884 2328 reddiderat,
904 2244 939 2307 in
955 2241 1142 2331 disputando
1157 2251 1227 2303 tam

172 2365 356 2437 strenuum,
377 2364 444 2414 tam
465 2372 573 2414 acrem
587 2371 621 2416 se
636 2348 816 2435 exhibebat,
837 2360 873 2413 ut
889 2344 1080 2430 Philosophi
1092 2349 1226 2412 nominc

116 2512 124 2525 ,
169 2463 256 2524 inter
275 2458 470 2524 academicos
490 2463 625 2528 veniret.
666 2459 781 2544 Itaque
798 2478 867 2522 non
880 2455 1048 2528 defuerunt
1055 2505 1065 2544 ,
1085 2461 1141 2543 qui
1153 2460 1225 2543 pri-

170 2579 284 2635 vatam
310 2569 376 2652 ejus
399 2569 629 2632 institutionem
653 2577 851 2653 expeterent,
876 2577 913 2629 ut
930 2568 998 2652 jam
1016 2563 1097 2629 liber
1116 2586 1135 2627 a
1153 2585 1225 2628 ser·-

169 2678 252 2742 vitio
271 2673 363 2739 bonis
385 2673 425 2741 ab
445 2697 480 2740 se
493 2681 590 2763 partis
605 2677 707 2743 vitam
720 2686 826 2762 posset
842 2658 917 2743 oum
932 2673 1081 2760 dignitate
1097 2685 1224 2747 susten·

167 2793 246 2846 tare.
285 2781 386 2850 Brevi
405 2796 611 2848 consecutum
630 2798 692 2874 est,
715 2797 751 2848 ut
767 2783 947 2870 Collegium
960 2779 1223 2864 Philosophicum

166 2892 231 2976 ipsi
255 2889 396 2975 publicas
431 2912 559 2978 quoque
588 2891 813 2982 disputationes
839 2893 993 2982 regendas
1021 2896 1223 2956 comniuere

168 3017 238 3062 non
258 2996 425 3064 dubitaret.

252 3104 342 3170 Inter
362 3105 440 3170 haec
459 3106 612 3194 privatim
631 3120 664 3173 et
681 3107 806 3195 publice
825 3108 963 3175 docendi
976 3105 1220 3195 disputandique

167 3217 281 3278 munia
299 3217 383 3303 ipse,
407 3214 484 3281 inde
502 3217 634 3302 acaptis
649 3216 796 3304 Magistri
812 3214 1003 3305 honoribus,
1023 3214 1221 3298 Theologiae

166 3343 301 3408 operam
318 3345 411 3388 suam
425 3323 579 3412 navabat,
599 3324 779 3392 doctoribus
794 3336 886 3392 utens
901 3325 1125 3408 celeberrimis,
1144 3320 1219 3384 Jac-

166 3428 331 3517 Andreae,
370 3430 533 3498 Dieterico
560 3429 763 3521 Schnepffio,
799 3432 874 3500 Jac.
897 3431 1120 3500 Heerbrando.
1174 3425 1218 3492 Et

164 3533 349 3622 Schnepffio
369 3538 499 3625 quidem
519 3551 624 3604 totum
641 3562 676 3605 se
695 3540 839 3630 tradidit,
866 3563 943 3610 cum
963 3544 1005 3609 ob
1025 3563 1133 3608 mores
1152 3540 1218 3610 viri

163 3648 382 3731 suavissimos,
412 3658 484 3710 tum
505 3645 547 3712 ob
568 3646 694 3713 dulcem
713 3649 910 3717 facundiam:
942 3651 1029 3717 hunc
1046 3672 1123 3738 prae
1144 3671 1216 3714 cae-

162 3753 239 3814 teris
264 3754 391 3840 sectari,
425 3752 511 3820 hunc
537 3755 656 3844 colere,
688 3755 774 3823 hunc
799 3779 858 3823 ceu
881 3759 1046 3834 oraculum
1067 3764 1102 3823 in
1120 3757 1217 3843 rebus

163 3857 314 3924 omnibus
333 3860 508 3928 consulere.
551 3862 681 3929 Pietatis
698 3885 773 3930 suae
790 3887 865 3954 erga
882 3872 1042 3954 optimum
1061 3887 1216 3952 praecep-

161 3977 268 4033 torem
286 3964 383 4034 edidit
400 3987 531 4056 prorsut
544 3970 701 4038 mirabile.
742 3969 942 4063 Schnepffius
957 3978 1077 4063 inipso
1091 3972 1214 4062 templo
1303 4013 1304 4016 =
