2776 5124
182 450 240 524 164
484 439 699 508 Wuurnuus
720 439 916 511 Scmcxaso.

179 609 288 674 bulum
310 606 480 672 hebraeum
500 610 617 693 pariter
641 610 726 696 typis
745 612 928 697 repetitum,
957 609 1019 675 hoc
1038 613 1133 680 habet
1151 640 1246 693 me-‚

178 715 349 803 motabile,
379 715 465 802 quod
485 714 692 782 Schickardus
710 721 832 804 primus
853 740 946 783 ansus
970 732 1033 807 est,
1063 721 1230 793 hebraicas

177 824 438 914 regulastradere
452 812 632 911 germanica
648 825 767 913 lIngua,
786 839 895 913 utpote
908 827 1012 913 quod,
1031 843 1066 892 ut
1080 835 1115 895 in
1127 855 1228 919 prae-

178 935 297 999 fatione
326 941 385 1019 ait,
415 955 495 1021 quae
521 933 660 998 multum
688 935 808 1019 ingenii
828 933 937 1021 habet,
964 935 1122 1005 absonum
1142 959 1227 1011 esset

177 1058 298 1131 putare,
318 1042 561 1130 Hierosolymas
580 1041 765 1129 profecturis
784 1047 913 1108 nonnisi
927 1065 986 1131 per
995 1044 1144 1114 <Romam
1161 1054 1226 1119 iter

174 1173 240 1217 esse
260 1151 496 1216 instituendum.

258 1259 317 1322 Jas
342 1258 481 1342 Regium
508 1257 720 1323 hebraeorum
747 1260 790 1323 ita
815 1258 984 1346 probatum
1010 1266 1070 1328 init
1089 1264 1235 1358 Grotio,

174 1387 302 1433 summo
323 1369 415 1450 viro,
433 1376 468 1428 ut
485 1364 553 1450 ipse
569 1363 610 1427 ad
624 1364 851 1432 Schtckardum
867 1369 1014 1436 scriberet
1029 1373 1091 1436 hoc
1106 1374 1225 1442 modo':

172 1475 244 1566 „Ex
264 1494 327 1559 quo
350 1470 469 1536 t=brum
489 1483 582 1536 tuum
599 1472 664 1560 legi
690 1474 731 1539 de
749 1499 825 1562 rege
845 1475 997 1565 hebraeo,
1022 1483 1078 1548 =vir
1099 1485 1224 1569 optime

174 1582 214 1647 de
238 1579 362 1646 saeculo
389 1581 517 1668 merite,
559 1577 649 1644 facite
675 1588 809 1671 agnovi,
840 1596 871 1647 et
897 1597 1030 1671 quantus
1057 1610 1158 1675 esses,
1190 1604 1223 1658 et

173 1698 290 1777 quanta
314 1687 369 1753 abs
391 1687 440 1752 Te
464 1689 586 1775 possint
612 1695 780 1777 expectari,
812 1712 917 1777 neque
942 1692 1022 1758 desii
1047 1694 1081 1759 id
1109 1701 1221 1784 ipsum

172 1795 257 1884 apud
276 1817 388 1860 omnes
405 1795 487 1859 mihi
502 1809 594 1861 notos
608 1798 806 1885 praedicare,
826 1803 1066 1888 maximumque
1083 1810 1221 1873 excitare

172 1904 363 1971 desiderium
380 1904 492 1970 similis
513 1906 690 1990 scriptionis
710 1905 750 1970 de
769 1905 906 1971 hebraeo
924 1905 1118 1994 Syuedcio“.

251 2012 293 2077 Et
320 2012 461 2098 profecto
488 2010 550 2075 hoc
577 2016 683 2098 ipsum
708 2024 805 2100 opus,
836 2035 896 2078 nec
917 2036 990 2080 non
1015 2017 1103 2082 aliud
1128 2023 1221 2106 prius

170 2123 307 2208 editum,
332 2117 513 2182 Bechinath
533 2117 808 2208 Happernschim,
830 2121 862 2185 h.
874 2145 907 2191 -ο,
938 2122 1102 2191 Examinis
1122 2149 1221 2193 com-

169 2231 401 2297 mentationum
416 2223 650 2289 rabbinicarum
664 2231 700 2291 in
713 2227 831 2294 Mosen
845 2230 1051 2320 prodromus,
1073 2233 1220 2304 demon-

168 2353 245 2406 strat
262 2335 507 2400 familiaritatem
518 2332 704 2399 ›Schickardi
722 2357 796 2403 cum
817 2339 939 2426 scriptis
956 2339 1099 2407 Judaicis
1118 2365 1221 2430 pror-

169 2469 222 2514 sus
241 2443 443 2528 singuiarem.
479 2440 551 2505 Neo
565 2453 673 2506 tamen
687 2440 780 2532 ipse,¹
796 2458 833 2509 ut
850 2447 916 2511 sere
936 2447 1011 2512 alias
1032 2447 1102 2515 fieri
1118 2453 1217 2536 solet,

169 2574 208 2621 eo
234 2574 268 2617 se
293 2549 396 2634 abripi
421 2569 528 2635 passus
554 2560 613 2636 est,
646 2561 682 2612 ut
700 2549 928 2618 Rabbinorum
947 2569 1069 2620 asserta
1092 2570 1219 2628 temere

167 2661 325 2752 probaret.
357 2659 502 2746 Etenim,
522 2671 558 2723 ut
575 2657 637 2722 hoc
651 2669 739 2746 utar,
756 2673 793 2724 nt
805 2662 931 2728 vocales
944 2661 1104 2730 hebraicas
1117 2688 1218 2732 eoae-

166 2794 225 2842 vas
250 2790 324 2834 cum
344 2766 453 2832 litterIs
474 2778 621 2834 statueret
639 2776 762 2833 tantum
782 2767 896 2856 abfuit,
924 2782 983 2856 „ut
1001 2771 1096 2839 valde
1115 2764 1216 2841 etiam

167 2884 356 2971 „miraretur
387 2896 562 2963 superesse,
603 2876 659 2960 qui
689 2874 850 2943 vocalium
879 2881 1099 2965 antiquitatem
1126 2887 1215 2950 serio

166 2987 360 3079 „crederent
407 2982 469 3068 (V.
489 2982 529 3048 de
551 2981 633 3048 Jure
648 2981 730 3071 neg.
749 2982 850 3049 Hehr.
870 2983 1212 3076 Cap.2,Trichter,

165 3119 237 3186 raa·
257 3090 353 3174 29)·“

239 3203 310 3271 -Sed
330 3205 518 3290 primarium
536 3191 619 3268 illius
631 3224 718 3291 opus
736 3219 803 3271 esse
821 3204 948 3274 videtur
973 3202 1110 3285 ΤανΐεΙι,
1137 3209 1209 3278 ie.

163 3313 266 3381 Series
285 3312 412 3398 Regum
431 3312 574 3399 Persiae,
599 3310 681 3375 liber
700 3314 819 3378 multae
839 3333 877 3379 ac
896 3311 1076 3376 reconditae
1096 3315 1209 3380 erudi-

163 3426 274 3509 tionis,
303 3423 358 3508 qui
383 3421 484 3487 multa
507 3433 577 3484 tum
599 3423 752 3507 temporis
771 3443 859 3489 nova
882 3443 919 3486 ac
938 3423 1079 3488 inaudita
1100 3431 1209 3492 conti-

162 3544 229 3619 net,
256 3553 293 3595 ac
312 3552 430 3617 magno
450 3534 545 3596 etiam
563 3529 674 3616 plausu
693 3541 837 3615 exceptus
842 3553 933 3616 ,nec
952 3544 1075 3618 tamen,
1097 3536 1207 3624 oredo,

162 3639 204 3705 ob
228 3639 343 3704 multas
368 3640 445 3705 alias
464 3644 700 3725 occupationes,
729 3637 769 3702 ab
790 3650 919 3705 aunone
932 3643 1137 3710 continuatus
1157 3655 1206 3710 est

160 3749 244 3836 (vid.
262 3750 361 3836 Epist.
375 3750 406 3814 d.
420 3750 452 3815 d.
468 3754 486 3814 8
500 3751 525 3815 ·J
526 3772 577 3814 an.
596 3741 702 3833 1628).
993 3748 995 3752 ’

242 3856 355 3922 Taceo
367 3857 516 3943 opuscula
534 3860 678 3941 minora,
704 3866 735 3920 et
753 3852 854 3919 multa
873 3867 905 3920 et
923 3857 1055 3940 eximia,
1079 3858 1203 3924 ut‘mi-

159 3989 232 4033 rum
253 3965 354 4035 videri
369 3965 496 4052 debeat,
516 3980 617 4030 unum
631 3963 788 4049 aliquem,
803 3975 869 4029 tam
881 3962 974 4030 brevi
987 3968 1089 4051 spatio
1101 3970 1203 4052 quin-
