2776 5124
189 430 247 490 186
305 401 306 406 ἵ
477 422 944 514 Ga.Bunxasnan1oorrrr,

180 587 282 672 ficuo,
307 587 431 658 induxit
451 589 616 675 animum,
636 591 670 654 in
691 587 740 655 his
761 585 1000 655 humanioribus
1020 588 1132 656 studiis
1152 612 1234 662 con-

179 702 305 786 sistere,
334 709 366 764 et
391 708 495 761 totum
516 717 551 764 se
579 695 702 767 tradere
720 685 942 767 informandae
961 699 1119 783 juventuti
1138 699 1234 766 scho-

179 810 317 875 lasticae.
366 805 528 872 Abstinuit
552 807 677 892 itaque,
709 828 745 872 re
768 804 850 872 bene
871 804 1058 895 deliberata,
1086 829 1234 900 aperse-

180 917 308 1003 quendo
335 915 439 980 studio
459 914 571 1000 Juris,
595 911 683 1000 quod
709 912 927 1000 inchoaverat,
959 935 1158 1001 quamquam
1178 919 1232 1001 qui

179 1024 280 1112 probe
301 1046 379 1087 eum.
396 1035 528 1109 norant,
557 1023 593 1085 in
613 1024 765 1107 opInione
784 1035 891 1109 erant,
920 1028 1058 1109 potuisse
1077 1046 1155 1088 eum
1174 1023 1232 1088 hac

177 1139 232 1201 via
253 1132 293 1195 ad
313 1131 497 1218 dignitatem
518 1141 550 1193 et
568 1128 728 1215 fastigium
746 1134 926 1216 pervenire.
966 1129 1045 1196 Erat
1072 1136 1162 1196 enim
1182 1133 1231 1195 fc-

175 1242 228 1306 lici
255 1255 286 1304 et
313 1243 404 1326 quasi
429 1235 562 1321 politico
588 1237 717 1323 ingenio
744 1251 852 1325 natus,
884 1253 1047 1327 promtus,
1078 1240 1177 1308 velox
1196 1244 1230 1304 in

175 1347 388 1435 excogitandis
410 1341 603 1430 rationibus,
631 1342 787 1426 disertus,
805 1345 952 1411 laborum
972 1353 1111 1435 patiens,
1138 1348 1230 1430 vale-

176 1457 286 1522 tudine
306 1455 401 1519 firma
408 1502 419 1542 ,
456 1459 581 1540 egregia
607 1465 638 1517 et
657 1453 781 1517 liberali
802 1457 943 1540 corporis
961 1454 1081 1545 figura,
1114 1471 1146 1520 et
1165 1470 1229 1521 sta-

174 1579 244 1630 tura
259 1568 413 1654 ¹apposita
434 1562 475 1624 ad
497 1561 694 1647 dignitatem.
742 1561 784 1626 Et
803 1561 930 1628 videtur
944 1563 1116 1648 politicum
1136 1569 1228 1650 inge-

175 1680 266 1738 nium
287 1673 328 1736 ad
347 1693 398 1737 res
419 1670 572 1756 gerendas
592 1683 702 1755 aptum
722 1670 835 1734 naturai
852 1674 984 1734 insitum
1002 1669 1228 1738 Burclrhardtis

174 1798 205 1848 et
226 1788 313 1870 quasi
336 1781 531 1868 gentilicium
553 1779 661 1841 fulsse:
693 1798 770 1840 nam
789 1777 886 1842 liater
904 1791 982 1842 natu
1003 1782 1127 1866 major,
1161 1779 1227 1844 Jo-

172 1913 270 1954 annes
296 1890 415 1975 (quem
441 1888 578 1950 diximus
606 1890 640 1949 in
665 1885 899 1948 Monasterium
925 1883 1133 1950 Schwarzach
1160 1901 1228 1951 tra-

176 1998 278 2061 ditum
299 1997 421 2083 luisse),
445 2018 522 2060 mox
542 1999 667 2082 juvenis
685 1996 800 2080 viginti
820 2015 980 2056 annorum
999 1995 1034 2057 in
1054 1993 1148 2058 rebus
1170 2018 1227 2082 ge-

171 2106 277 2170 rendis
301 2103 473 2188 adhibitus,
503 2118 535 2168 et
555 2109 610 2171 vix
631 2124 732 2167 annos
753 2104 866 2186 viginti
887 2104 1026 2185 quinque
1043 2088 1136 2165 natus
1156 2102 1238 2166 Ain,

68 2197 71 2202 ¹
170 2215 226 2278 bas
247 2217 359 2299 factus,
380 2213 547 2299 prudentia
566 2233 621 2274 sua
641 2223 673 2275 et
693 2231 767 2273 cura
784 2206 845 2270 hoc
860 2211 967 2294 primo
980 2208 1226 2296 Monasterinm,

170 2322 284 2387 deinde
307 2327 403 2384 etiam
424 2321 586 2384 Bauzense
605 2318 699 2404 illud,
723 2339 842 2404 magno
864 2339 936 2380 aere
957 2317 1060 2380 alieno
1078 2319 1226 2385 liberavit

168 2443 200 2492 et
221 2427 426 2513 amplioribus
446 2427 654 2512 proventibus
672 2432 767 2493 auxit.
809 2425 920 2489 Nostri
935 2440 1042 2489 autem
1058 2425 1223 2514 (Georgii)

169 2541 267 2601 etiam
289 2533 348 2598 filii
368 2535 532 2598 eminudre
552 2539 588 2598 in
608 2534 747 2622 gerenda
765 2535 943 2620 republica,
970 2547 1001 2599 et
1014 2536 1165 2602 Andreas
1187 2537 1244 2602 de'

167 2650 317 2708 universa
337 2642 607 2728 Wiirtembergia
628 2645 852 2707 immortaliter
873 2655 918 2707 est
937 2649 1142 2729 promeritus.

251 2752 356 2838 Igitur
373 2749 625 2839 BurckhardtuS,
646 2756 700 2836 qui
720 2750 932 2836 professorem
953 2749 1005 2813 hic
1025 2768 1148 2838 ageret,
1170 2751 1224 2817 sed

168 2860 267 2925 modo
284 2858 474 2945 Classicum,
497 2858 648 2944 singulari
668 2884 723 2925 sua
744 2869 777 2925 in
799 2862 976 2927 formandis
993 2873 1023 2924 et
1040 2860 1225 2946 gubernan-

167 2970 213 3033 dis
234 2967 394 3054 discipulis
415 2971 545 3049 virtute‚
568 2983 599 3032 et
620 2976 844 3038 convictorum
862 2969 1079 3055 multitudine,
1101 2970 1224 3033 famam

164 3090 272 3142 nactus
294 3089 354 3140 est:
386 3088 421 3138 ut
442 3080 575 3141 civitatIs
595 3077 806 3163 Rotenburgo
829 3117 871 3130 -
894 3077 1083 3142 Tuberanae
1097 3090 1223 3142 senatus

144 3189 268 3271 ipsum
289 3197 419 3251 vocaret
440 3185 479 3246 ad
497 3189 734 3252 restaurandam
757 3209 848 3253 suam
868 3186 1025 3273 scholam,
1061 3186 1222 3250 liberalis-

164 3301 246 3360 sima
272 3292 420 3356 mercede
450 3293 563 3358 oblata.
611 3296 810 3360 Difficillime
838 3308 907 3358 tum
937 3307 1026 3358 erant
1053 3307 1220 3378 tempora3

163 3423 290 3466 summa
318 3399 372 3463 hte
395 3401 479 3488 apud
498 3424 557 3466 nos
576 3426 685 3468 rerum
705 3409 852 3468 omnium
880 3409 1005 3490 caritas,
1033 3407 1136 3467 immo
1159 3427 1221 3490 pe-

162 3514 268 3589 nuria3
309 3513 379 3572 vini
409 3532 557 3574 mensura
590 3512 738 3578 veniebat
770 3516 937 3597 crucigeris
967 3509 1136 3574 duodecim
1166 3510 1219 3577 vel

165 3619 364 3707 quindecim,
395 3621 577 3685 medimnus
596 3622 748 3686 frumenti
768 3633 837 3684 octo
859 3620 912 3686 vel
931 3640 1053 3686 novem
1072 3617 1217 3684 florenis:

160 3734 230 3816 ipse
253 3731 320 3814 jam
343 3742 433 3813 pater
458 3743 524 3793 erat
543 3746 664 3816 septem
685 3730 875 3816 liberorum,
905 3727 1110 3815 quibuscum
1133 3751 1216 3791 con-

160 3839 233 3923 juge
249 3835 381 3900 honesta
395 3841 516 3900 ratione
533 3853 599 3900 erat
611 3840 878 3923 prospiciendum.
918 3839 1058 3926 Annuit,
1078 3860 1213 3924 operam

161 3969 252 4014 snam
273 3946 314 4011 ad
340 3949 512 4012 triennium
539 3948 713 4034 pollicitus,
742 3961 773 4012 et
792 3951 851 4013 iter
870 3945 1116 4035 Rotenburgum
1137 3969 1212 4012 cum
