2776 5124
159 454 224 516 250
470 441 622 515 husun
640 459 737 513 tau.
759 463 915 536 arsuris,

161 659 311 728 videntur
332 659 437 746 potius
462 657 613 744 cogitasse
632 655 672 720 de
690 654 827 719 themate
847 611 928 752 lg,
958 649 1046 739 quod
1065 649 1210 717 Arabico

160 792 311 856 idiomate
334 788 503 878 significat,
530 790 677 872 superbe,
704 787 879 851 insolenter
897 786 1059 871 regessit.
1105 784 1212 877 Quod

161 900 248 964 idem
272 900 473 966 statuendum
498 902 534 962 in
555 897 618 961 alio
643 896 716 960 loco
744 898 926 982 notissimo,
951 893 1071 958 Psalmi
1090 892 1212 959 decimi

161 1012 241 1072 noni
268 1008 378 1100 (XIX
402 1010 453 1091 5)2
487 1027 545 1093 per
564 1025 697 1070 omnem
716 1014 835 1066 terram
855 1004 953 1070 exivit
971 1001 1055 1067 linea
1074 1025 1213 1092 eorum,

163 1133 260 1224 0112,
279 1123 336 1188 uhi
353 1120 469 1188 Graeci
490 1117 623 1205 hahent,
648 1111 668 1184 ὀ
692 1110 851 1210 φθόγγος
877 1109 1013 1199 alcuin,
1028 1136 1125 1183 sonus
1151 1141 1212 1182 eo-

161 1271 250 1317 rum.
280 1246 359 1312 Non
372 1241 475 1331 quod,
495 1253 582 1305 secus
599 1232 726 1322 aenos,
745 1237 890 1326 legerint,
913 1218 1030 1336 nhjp,
1050 1237 1107 1303 sed
1121 1241 1212 1326 quod

161 1391 244 1438 sono
267 1367 357 1454 quasi
382 1362 516 1447 decepti,
546 1362 766 1446 cogitaverunt
791 1359 831 1426 de
850 1360 950 1430 verbo
970 1360 1109 1428 Arabico
1129 1347 1210 1470 ⁶33,

163 1481 315 1550 clamoris
332 1477 594 1567 significationem
612 1474 760 1544 habente.

247 1638 360 1731 Quum
373 1623 536 1721 Proust,
548 1640 588 1698 20
603 1630 732 1720 phrasin
748 1630 929 1697 hebraicam
946 1641 1027 1736 We
1042 1615 1096 1721 513
1112 1634 1209 1736 γῦῃ

162 1753 378 1821 transtulerim
398 1746 510 1832 LXX,
536 1738 645 1836 dinnao
667 1743 741 1829 ὅξος
764 1751 849 1817 ἕλκει
867 1745 1083 1844 ἀσύμφορον,
1111 1775 1212 1842 quam

164 1876 238 1930 sunt
264 1860 364 1930 verba
390 1858 469 1923 haec
496 1855 580 1919 male
604 1854 710 1920 habita
735 1858 776 1922 ab
802 1861 1039 1948 interpretibus,
1072 1882 1213 1948 quorum

162 1971 307 2059 plerique
334 1991 376 2032 ne
395 1965 536 2031 Graecae
561 1964 692 2050 quidem
712 1963 857 2034 dictionIs
876 1991 992 2058 verum
1013 1991 1143 2056 sensum
1163 1993 1213 2039 as-

162 2076 387 2165 sequebantur,
416 2073 536 2138 nedum
559 2071 643 2136 illlut
667 2095 742 2136 cum
762 2073 924 2144 Hebraica
946 2082 1215 2146 convenientiam.

162 2184 278 2274 „Nihil
303 2182 345 2246 ad
371 2204 442 2247 rem
471 2181 544 2244 facit
568 2179 859 2249 Alexandrinorum
890 2177 999 2277 ὥσπερ
1026 2182 1111 2269 ὅξος
1130 2191 1218 2257 ἕλκει·

164 2288 388 2387 ἇσὺμφορον“
424 2291 613 2376 pronunciat
642 2303 795 2380 tanquam
828 2314 868 2358 ex
899 2294 1025 2382 tripode
1056 2295 1216 2388 Clericus,

162 2413 278 2491 putans
302 2421 378 2464 cum
406 2400 564 2486 plerisque
589 2398 673 2488 aliis,
705 2401 795 2488 loqui
814 2400 954 2468 Graecos
981 2402 1022 2467 de
1046 2415 1139 2468 aceto
1162 2407 1215 2467 in-

165 2509 367 2572 commodam
388 2506 659 2596 trahente,lquod
676 2529 751 2572 sane
767 2509 849 2575 foret
863 2511 1106 2598 ineptissimum.
1131 2511 1215 2576 Me-

163 2614 246 2680 liora
263 2631 343 2682 vero
366 2633 441 2678 eum
461 2613 615 2680 docuisset
627 2615 864 2683 Alexandrinae
884 2621 1041 2686 vectionis
1059 2620 1216 2706 interpres

164 2733 322 2799 Arabicus
341 2713 495 2856 diss-ll
519 2712 648 2839 hlaif
671 2709 835 2843 §ldxsl
877 2737 925 2802 Al
944 2737 987 2805 lo.
1008 2740 1104 2802 etiarn
1126 2740 1216 2804 Vos-

163 2852 246 2936 sius,
273 2872 428 2938 magnum
454 2851 488 2914 in
511 2850 589 2915 orbe
613 2851 737 2916 literato
764 2870 904 2939 nomen,
930 2854 988 2917 etsi
1013 2849 1095 2916 bene
1113 2856 1215 2919 inter-

162 2956 344 3046 pretabatur
364 2979 509 3044 graecam
529 2960 723 3024 locutionem
742 2958 838 3042 (sicut
854 2971 977 3022 acetum
996 2958 1126 3022 vulneri
1141 2965 1216 3025 inu-

111 3121 113 3125 ,
163 3065 251 3154 tile),
280 3067 315 3131 in
341 3088 381 3130 eo
408 3078 516 3131 tamen
543 3070 664 3132 mirum
689 3081 843 3155 quantum
871 3065 1096 3156 hallucinatur,
1129 3071 1217 3156 quod

163 3179 227 3262 sinc
243 3177 263 3250 ὃ
281 3183 371 3271 putat
388 3185 423 3249 in
442 3183 579 3250 hebraeo
596 3185 706 3249 codice
725 3187 835 3271 legisse
856 3191 958 3287 llll?
975 3185 1099 3273 hocque
1115 3209 1218 3254 roca-

163 3295 278 3363 hulum
311 3297 452 3362 inaudita
485 3300 579 3386 plane
609 3300 841 3389 significatione
870 3303 1020 3384 pustulae
1051 3293 1219 3391 accepisse.

164 3413 338 3483 Habebant
364 3421 515 3504 omnino,
542 3431 578 3484 ut
597 3441 657 3484 nos
681 3417 776 3511 hodie
796 3408 967 3507 habemus,
996 3426 1090 3518 Ἱῳ,
1119 3445 1220 3510 quam

165 3553 284 3604 vocem
304 3533 400 3622 olIm,
421 3536 551 3602 vivente
570 3537 761 3618 etiamnum,
783 3535 837 3602 vel
849 3534 961 3600 saltem
974 3536 1122 3601 nondum
1137 3536 1219 3602 adeo

164 3660 264 3728 quam
282 3664 368 3706 nunc
385 3655 431 3706 est
450 3656 605 3728 emortua,
624 3641 909 3739 linguaHebraica,
929 3645 1070 3714 vtdneris
1090 3638 1221 3734 (ἔλκθς)

164 3753 363 3818 notationem
388 3754 583 3838 sustinuisse,
617 3773 655 3815 ex
674 3742 814 3816 Arabica
840 3752 946 3841 lingua
967 3767 1067 3843 patet,
1096 3758 1135 3822 in
1156 3778 1221 3846 qua

171 3863 232 3906 w

169 3916 228 4024 ,tt
252 3907 322 4003 ans·
345 3901 500 4029 glhalt
524 3881 687 4015 malasi,
712 3925 790 3992 tene
808 3925 869 3992 ane
889 3923 1025 3992 adactus.
