2776 5124
368 439 562 507 Eurrours
605 418 852 511 Purrnrro.
1094 448 1130 516 17

81 609 173 678 tabat.
240 603 502 672 Familiaritatem
535 619 666 694 quoque
701 604 787 670 colui
822 604 939 675 clariss.
974 614 1131 702 virorum,

80 720 302 804 Drseorouus,
322 713 521 801 Cauoouur,
549 715 837 801 Drsmurruarus,
864 727 896 779 et
924 715 972 796 Lu
998 718 1132 808 Gmuo,

78 830 175 914 lingg„
193 825 320 890 orientt.
339 826 375 889 in
394 823 528 912 collegio
548 828 637 912 regio
656 822 891 911 professorumr
909 825 1130 917 pluresetiam,

77 956 136 1023 pro
156 956 250 999 more
268 935 546 1022 peregrinatorum
556 932 720 1033 ,salutandi
739 934 840 1017 gratia
859 936 1010 1020 conveni,
1028 942 1130 1023 equi-

77 1041 134 1108 bus
153 1064 258 1106 unum
276 1043 424 1125 nomino,
442 1041 690 1106 famosissimum
709 1039 803 1105 illum
820 1037 878 1107 Jo.
895 1038 1129 1112 bic-Reum·

76 1172 132 1242 tu,
153 1151 391 1220 Genevensem.

158 1257 238 1326 Post
256 1273 392 1348 quatuor
411 1264 534 1347 circiter
553 1286 679 1332 meuses
697 1260 841 1351 Lutetiae
856 1273 982 1330 exactos
993 1281 1127 1351 compa·-
1192 1339 1197 1348 Ι

76 1371 147 1438 ravi
165 1392 220 1433 me
241 1370 282 1433 ad
301 1375 362 1436 iter
387 1375 523 1458 patriam
549 1395 660 1440 versus
688 1373 903 1438 dulcissimam
930 1391 1018 1438 nunc
1046 1371 1128 1438 diri-

76 1477 227 1567 gendum.
247 1478 466 1565 Argentoruti
485 1503 541 1543 me
561 1480 695 1546 detinuit
712 1482 786 1548 clar.
805 1480 1129 1574 Scuwmemusuttt,

76 1585 310 1677 philosophiam
328 1589 364 1650 in
383 1589 443 1651 ista
461 1586 636 1653 Academia
655 1612 730 1654 cum
749 1590 843 1655 laude
861 1589 1018 1680 docentis,
1043 1615 1128 1678 quo-

76 1720 149 1764 cum
175 1719 230 1760 me
257 1694 384 1782 Lipsiae
408 1698 475 1781 jam
509 1701 681 1763 arctissime
712 1702 917 1785 coujrmxerat
947 1699 1128 1766 studiorum

76 1808 270 1893 commuuio,
290 1805 709 1894 suavissimafamiliaritas,
736 1820 831 1895 atque
857 1812 1055 1894 optimorum
1073 1814 1128 1876 vi-

75 1941 196 2004 rorum,
214 1918 244 1982 s.
263 1936 298 1984 v.
324 1913 496 2001 Louruzrr,
522 1914 621 1982 celeb.
648 1916 804 1982 Miircrar
834 1929 929 2002 atque
954 1916 1130 2005 Orrrrmr,

77 2045 213 2114 quorum
232 2023 379 2091 favorem
398 2021 486 2087 idem
504 2023 559 2088 ille
577 2021 883 2110 milri—conciliabat,
909 2045 1036 2088 summa
1064 2023 1128 2087 hu-

77 2138 209 2200 manitas
229 2145 323 2218 atque
342 2131 575 2198 benevolentia.
621 2131 709 2196 Hinc
730 2129 959 2197 Carolsruham
978 2152 1133 2219 progres-.

69 2263 136 2330 sus,
155 2246 193 2305 in
212 2242 349 2326 patriam
369 2239 447 2305 veni
467 2236 599 2303 feliciter
618 2261 649 2306 a.
669 2239 700 2304 d.
711 2238 808 2304 XIX.
816 2238 949 2306 Octobr.
987 2238 1129 2306 Animus

78 2370 161 2417 nunc
180 2361 249 2414 erat
267 2344 453 2432 Tubingam
479 2346 605 2434 redire,
635 2348 743 2434 ibique
763 2350 911 2435 'suscepto
939 2345 1070 2411 tandem
1094 2352 1128 2412 iu

77 2464 138 2549 me,
158 2456 246 2547 quod
265 2454 386 2520 absenti
405 2452 486 2517 mihi
512 2454 552 2517 ab
578 2456 625 2522 ill.
644 2455 842 2523 Consistorio
867 2453 1042 2521 honorifice
1069 2455 1130 2518 de-

76 2568 262 2634 mandatum
273 2564 395 2650 iuerat,
415 2556 525 2626 officio
545 2563 730 2651 Repetentis
749 2570 784 2630 in
802 2567 974 2629 seminario
992 2557 1130 2650 theolog.

75 2676 197 2764 placide
215 2685 405 2760 exspectare,
425 2692 523 2757 quam
541 2671 623 2737 mihi
641 2674 773 2760 posthac
784 2687 903 2739 sortem
917 2674 1129 2757 assignaturus

74 2787 113 2851 sit
132 2784 221 2850 Deus
241 2781 286 2853 0.
296 2784 358 2872 M,
378 2785 467 2869 cujus
486 2786 660 2870 propitiam
680 2806 754 2870 erga
774 2806 829 2847 me
840 2781 1040 2851 voluntatem
1048 2801 1130 2866 pro·-

74 2891 248 2980 vidamque
268 2913 379 2957 curam
398 2889 507 2955 multis
532 2893 617 2978 jam,
642 2894 745 2977 iisque
772 2889 998 2957 extantioribus
1023 2889 1129 2954 modis

74 3015 221 3091 expertus
240 2999 376 3071 fueram.
468 3019 470 3023 ’

158 3108 223 3176 Sed
250 3110 344 3178 brevi
368 3108 448 3174 facta
473 3117 520 3175 est
549 3127 587 3177 ea
613 3131 723 3178 rerum
751 3128 898 3177 mearum
933 3097 1151 3196 vicissitudo,

72 3243 172 3310 quam
191 3242 251 3285 nec
271 3224 349 3307 ipse,
369 3239 430 3308 nec
446 3219 615 3304 quisquam
635 3221 714 3301 alius
733 3225 842 3285 animo
854 3218 1054 3306 praevidere,
1074 3231 1128 3282 aut

72 3343 238 3416 expectare
264 3328 355 3392 facile
384 3342 518 3414 poterat.
569 3327 657 3392 Nam
687 3346 762 3392 cum
788 3326 1001 3393 Srrrrmssmo
1027 3326 1127 3414 Ducr,

72 3443 130 3527 qui
148 3453 220 3503 tum
246 3437 329 3501 hanc
347 3445 491 3503 nostram
509 3459 675 3502 musarum
694 3438 804 3529 sedem
823 3459 880 3502 sua
894 3440 1070 3524 praesentia
1084 3435 1127 3500 il-

71 3545 235 3632 lustrabat,
254 3545 406 3611 reducem
424 3567 480 3608 me
499 3567 537 3608 ex
557 3549 670 3610 itinere
695 3545 815 3610 facturn
838 3568 899 3634 pro
919 3568 1014 3610 more
1033 3557 1127 3631 atque

73 3655 182 3722 officio
202 3659 364 3741 sisterem,
383 3675 451 3718 non
471 3654 578 3718 modo¹
591 3653 833 3725 clementissime
852 3678 907 3719 me
926 3654 1047 3739 excepit
1056 3653 1128 3718 Or·-

71 3788 173 3833 riuos
194 3767 341 3832 Pururas
360 3765 481 3850 Paruit,
501 3775 533 3835 et
552 3762 652 3826 multa
671 3768 768 3829 etiam
789 3764 828 3829 de
848 3766 961 3829 itinere
971 3761 1129 3847 rebusque

73 3879 157 3940 meis
177 3863 358 3963 sciscitatus,
376 3873 458 3938 bene
477 3871 516 3938 de
536 3892 592 3936 sua
612 3871 779 3936 clementia
799 3894 926 3958 sperare
945 3873 1049 3957 jussitr
1071 3866 1128 3934 sed

76 3984 185 4061 slatim
206 3985 313 4074 etiam,
333 4007 373 4052 co
392 3988 461 4065 ipso
481 3983 543 4066 die,
563 3977 764 4071 significavit,
784 3982 868 4068 velle
887 4003 932 4065 se,
952 3993 988 4044 ut
1008 3997 1130 4064 puero·

901 4099 922 4153 2
