2776 5124
310 447 372 532 Du
385 448 631 524 Tissensium
647 447 796 521 Tuucxcs
810 447 1067 533 Cousmusmoe.
1151 460 1213 519 233

164 614 291 680 Ultimo
311 615 383 681 loco
402 613 520 702 prodiit
539 619 744 702 grammatica
765 614 905 702 arabica,
935 613 1023 681 Galia
1042 616 1123 682 dicta
1143 617 1214 682 Eu-

166 727 291 810 ropaeis
314 723 398 787 haud
423 729 599 811 incognita,
626 737 735 811 utpote
754 723 896 810 pluribus
916 727 1001 812 apud
1021 749 1080 793 nos
1097 728 1214 794 editio-

163 825 395 920 nibus'publici
414 835 491 916 jurIs
512 833 602 902 facta.
642 830 705 896 Sed
726 836 781 919 qui
801 855 839 896 ex
859 833 1111 919 ephemeridibus
1125 860 1212 902 non-

165 942 262 1007 nullis
282 940 460 1027 percrebuit
476 944 608 1026 rumor,
640 941 674 1004 id
695 945 744 1027 agi
751 988 762 1027 ,
792 954 828 1003 ut
845 941 1099 1030 Encyclopaedia
1117 945 1213 1011 Pari-

165 1053 276 1114 siensis
303 1049 413 1115 edatur
437 1053 556 1114 turcico
580 1070 745 1135 sermone,
775 1070 876 1116 vanus
897 1063 943 1117 est
961 1073 999 1117 ao
1018 1053 1112 1140 plane
1132 1055 1212 1120 ridi-

163 1157 262 1224 culus.
1197 1166 1199 1171 ’

250 1266 445 1357 IntelligitIs‚
464 1269 652 1358 Auditores,
672 1290 741 1335 non
759 1269 838 1336 adeo
857 1273 982 1360 ineptos
1002 1296 1069 1340 esse
1083 1275 1213 1365 Turcas,

165 1386 260 1462 atque
281 1399 300 1442 a
320 1382 414 1445 novis
433 1378 580 1444 institutis
599 1382 641 1443 ita
655 1383 780 1466 penitus
793 1381 928 1466 alienos,
950 1384 1055 1468 quales
1069 1386 1213 1471 plerum·
1288 1434 1289 1441 κ

165 1508 228 1572 que
244 1485 451 1574 perhibentur
465 1508 483 1550 a
497 1491 612 1552 nostris
627 1485 822 1555 hominibus.
850 1488 1114 1578 Typographiam
1130 1509 1214 1563 certe

166 1597 253 1662 haud
272 1620 366 1684 aegre
386 1597 597 1681 admiserunt,
620 1592 789 1662 admissam
808 1599 921 1662 sinon
941 1599 1104 1682 foverunt,
1128 1605 1214 1669 tule-

166 1719 241 1771 runt
259 1720 367 1770 tamen
388 1705 578 1770 humaniter.
615 1703 753 1769 Videtur
777 1703 833 1770 llla
853 1727 940 1770 nunc
959 1707 1089 1792 quidem
1108 1713 1214 1797 negli-

163 1818 287 1902 gentius
315 1813 441 1901 haberi,
473 1835 510 1877 ac
536 1811 602 1878 fere
627 1813 844 1899 languescere:
876 1828 933 1903 at,
954 1822 981 1882 si
1008 1818 1210 1888 Ibrahimum

163 1936 257 1988 nacta
278 1924 384 2010 fuerit,
409 1922 471 1986 hoc
490 1934 537 1986 est
553 1925 662 1990 virum
678 1923 923 2011 intelligentem,
942 1942 1125 2012 promtum,
1143 1933 1213 1996 ala-

163 2055 269 2119 crem,
297 2031 390 2097 brevi
417 2036 532 2117 poterit
553 2036 656 2098 vitam
679 2034 835 2118 recipere,
862 2045 956 2119 atque
980 2038 1212 2106 informandis

164 2140 345 2205 Turcarum
362 2153 393 2204 et
409 2143 543 2226 ingeniis
560 2152 592 2206 et
611 2139 755 2204 moribus
771 2144 842 2208 vim
859 2164 985 2206 exerere
1002 2165 1130 2228 prorsus
1146 2154 1213 2212 mi-

163 2249 308 2313 rabilem.
333 2274 375 2301 ·-·-
406 2249 534 2312 Verum
559 2246 637 2310 haee
663 2253 811 2334 persequi
838 2262 924 2315 vetat
949 2258 1101 2337 temporis
1120 2261 1211 2325 rati0.

165 2354 389 2442 Peragendum
415 2377 501 2418 nunc
527 2354 623 2442 illud,
664 2358 752 2440 cujus
779 2378 870 2423 causa
897 2361 1037 2427 instituta
1063 2376 1109 2431 est
1134 2363 1213 2433 haee

163 2464 401 2555 qualiscumque
419 2463 602 2532 solemnitas
628 2473 687 2535 etc.
926 2474 928 2478 ’
