2776 5124
464 473 506 518 or
526 451 679 518 Corcura
696 449 928 517 Tannonius.
1181 463 1220 528 67

164 613 389 688 consultorum
407 621 556 707 principi,
575 619 663 702 cujus
683 615 837 681 excellens
856 616 991 682 eruditIo
1009 619 1102 686 nobis
1115 625 1223 686 omni-

156 720 229 795 bus
248 751 403 818 magnum
422 727 515 792 affert
532 726 747 812 splendorem,
768 725 870 788 ducali
890 728 1068 793 consiliario
1088 741 1119 794 et
1130 751 1224 793 com-

163 842 254 925 patri
273 837 486 905 observand0.
506 875 549 889 -
588 835 769 900 Permansit
792 832 989 899 Smunnmus
1014 840 1049 901 in
1074 858 1131 902 sua
1156 852 1223 902 sta-

164 952 257 1010 tione
282 968 383 1012 annos
410 944 647 1034 propemodum
686 946 800 1029 viginti
807 990 817 1030 ,
852 956 1037 1029 poteratque
1068 958 1224 1031 spectator

166 1077 237 1119 esse
256 1077 396 1142 pompae
426 1056 526 1142 iliius,
552 1077 571 1118 a
596 1051 739 1117 Luthero
764 1064 907 1139 paratae,
935 1051 976 1116 ad
1004 1073 1118 1138 corpus
1144 1059 1223 1140 juris

166 1163 323 1249 pontificii
350 1163 489 1252 flammis
503 1161 720 1231 abolendum.
774 1164 839 1231 Sed
864 1185 950 1228 anno
980 1167 1107 1227 circiter
1142 1171 1220 1229 1521

165 1279 266 1336 misso
288 1278 372 1341 vitae
393 1297 507 1360 genere
527 1274 710 1369 scholastico
729 1275 839 1339 locum
859 1273 994 1337 obtinuit
1021 1271 1106 1358 apud
1126 1272 1223 1337 Hen-
1298 1355 1300 1359 Ι

167 1385 292 1468 risum,
322 1382 454 1469 Georgii
472 1385 619 1469 fratrem,
654 1384 769 1446 ducem
793 1379 966 1465 Senoniae,
997 1380 1105 1444 sedern
1131 1404 1223 1446 suam

168 1489 369 1577 Freybergae
388 1491 569 1576 habentem,
590 1485 774 1555 constitutus
794 1477 1023 1574 CanceIIarius,
1052 1485 1084 1553 h.
1112 1511 1142 1554 e.
1168 1513 1224 1554 re-

168 1621 242 1663 rum
264 1601 408 1664 civilium
429 1601 623 1687 administer,
645 1597 876 1664 conditionibus
890 1593 1091 1682 nequaquam
1105 1598 1224 1682 iniquis

169 1707 269 1790 (extat
287 1712 374 1771 enim
394 1711 478 1794 pacti
497 1709 662 1795 formula),
671 1707 784 1794 quibus
803 1708 964 1793 integrum
984 1718 1073 1796 esset,
1094 1718 1125 1770 et
1138 1711 1223 1774 civi·-

170 1818 223 1879 tati
243 1816 476 1904 Freybergensi
502 1840 561 1904 pro
589 1818 735 1882 condicto
761 1816 917 1902 stipendio
945 1815 1083 1880 consiliis
1105 1816 1224 1898 adesse,
1285 1830 1287 1834 '

170 1938 199 1988 et
217 1930 360 2011 privatas
380 1949 506 2013 quoque
520 1948 628 1991 causas
645 1931 811 2012 suscipere.
850 1925 962 2001 Refert
982 1925 1223 1995 J0.Ac1ucon

172 2034 204 2098 in
225 2036 475 2120 proverbiorum
494 2035 662 2122 farragine,
683 2056 769 2099 anno
794 2041 873 2101 1528
886 2036 1037 2121 ‘primum'
1056 2034 1149 2123 edita,
1168 2039 1223 2121 ju·-

170 2145 385 2208 reconsultum
412 2146 568 2231 aliquem,
598 2144 657 2208 sibi
682 2143 764 2208 bene
790 2142 924 2234 notum,
956 2146 1002 2210 D.
1029 2143 1224 2234 Wolfgang.

171 2253 389 2342 Srnrrnnruou,
409 2254 488 2317 dum
507 2257 694 2340 pauperiem
713 2266 887 2340 pateretur,
914 2254 1037 2317 nullam
1056 2275 1124 2320 non
1144 2277 1223 2318 oau-

170 2385 237 2427 sam
257 2367 327 2429 sive
347 2365 470 2428 bonam
482 2370 551 2431 sive
563 2366 693 2448 malam,
713 2363 908 2427 tractandam
925 2368 1104 2453 suscepisse,
1123 2363 1224 2430 modo

102 2504 110 2514 ·
171 2471 228 2556 ipsi
248 2472 411 2537 videretur
431 2454 631 2558 quaestuosa,
651 2486 724 2559 post
743 2472 862 2557 aliquot
881 2493 992 2558 annos,
1012 2486 1103 2536 aucta
1122 2497 1157 2538 re
1173 2476 1224 2540 fa-
1266 2514 1269 2520 ·

170 2580 298 2666 miliari,
320 2594 350 2643 et
363 2587 520 2668 progenie
536 2587 632 2646 etiam
644 2586 792 2666 auctiore,
805 2604 890 2662 curn,
904 2581 944 2642 ad
954 2581 1118 2649 vitandam
1126 2579 1224 2674 luem,
1260 2610 1262 2623 ³

170 2683 436 2754 Liebenwerdam
456 2696 645 2777 secessisset,
675 2696 804 2754 excitato
834 2694 912 2754 recti
937 2693 1092 2777 pravique
1120 2714 1224 2781 sensu,

170 2818 298 2863 vacasse
318 2799 457 2886 legendis
478 2801 648 2888 Augustini
668 2799 927 2887 Hieronymique
945 2804 1079 2885 scriptis3
1099 2801 1145 2863 ibi
1158 2802 1225 2864 fac-

169 2917 239 2969 tum
259 2929 324 2971 esse
344 2909 526 2996 aliquand0,
545 2924 590 2997 ut,
610 2933 740 2975 mensae
761 2932 835 2972 cum
854 2910 1014 2994 assideret,
1043 2914 1143 2973 animi
1164 2909 1224 2976 de·

169 3012 307 3100 liqnium
325 3017 429 3083 subito
448 3039 557 3104 passus
578 3020 765 3106 concideret,
785 3017 873 3087 velut
897 3023 1064 3097 exanimis,
1091 3020 1224 3083 tandem

169 3127 218 3186 sui
237 3127 353 3189 iterum
374 3141 556 3212 compotem
576 3128 713 3215 factum,
735 3133 880 3213 ‘erupisse
905 3131 940 3189 in
965 3127 1020 3190 has
1045 3148 1157 3192 voces:
1181 3127 1243 3215 ah,

169 3229 254 3296 bone
273 3233 370 3320 Deus,
389 3235 475 3299 haud
493 3259 576 3301 unus
595 3237 694 3300 homo
715 3247 860 3300 aeternae
879 3256 946 3299 sese
964 3238 1110 3300 miseriae
1129 3218 1241 3300 com-⁴

171 3345 266 3419 mittit
285 3341 326 3404 ob
348 3347 517 3430 conjugem
538 3358 569 3408 et
588 3354 696 3412 natos!

253 3448 316 3514 Sed
336 3462 367 3515 et
386 3450 569 3518 Lemurios·
580 3459 647 3540 ipse
666 3476 781 3541 parurn
793 3452 919 3522 favebat
933 3452 1121 3520 Srnrrnmro.
1162 3451 1224 3520 Et·
1267 3518 1269 3522 a

170 3561 258 3620 enim
278 3579 352 3622 cum
377 3563 455 3624 1523
476 3561 604 3650 puellae¹
620 3562 742 3628 nobiles
760 3577 824 3628 tres
845 3567 1030 3649 ejicerentur
1050 3584 1224 3650 exgynae-

171 3686 226 3727 ceo
247 3666 336 3730 aulae
354 3667 613 3759 Freybergensis,
634 3671 721 3759 quod
740 3684 902 3735 sumerent
919 3672 994 3755 sibi,
1021 3675 1136 3756 scripta
1161 3669 1225 3731 ali-
1300 3748 1309 3768 Ι

164 3773 250 3860 'quot
268 3775 400 3842 Lutheri
420 3800 628 3869 cognoscere,
654 3781 707 3846 hic
725 3787 760 3847 in
779 3783 887 3846 litteris
908 3780 948 3844 ad
968 3803 1019 3844 eas
1044 3781 1224 3865 perscriptis

104 3883 108 3886 ’
171 3887 256 3954 haud
276 3902 457 3953 cunctanter
476 3910 609 3967 omnem
628 3890 755 3977 culpam
775 3892 908 3976 conjecit
927 3895 962 3956 in
978 3887 1224 3970 cancellarium,

172 3996 279 4097 verbis
310 3997 351 4064 de
369 3998 425 4063 illo
451 4019 526 4064 usus
551 4021 668 4086 parum
696 3999 890 4069 honorificis.
938 4001 1065 4064 Verum
1093 4003 1225 4076 constat,

951 4112 969 4171 5
992 4107 1010 4143 1·
