2776 5124
394 405 598 477 Enrroars
631 409 879 484 Pnsrrsrro.
1116 429 1157 488 39

100 576 161 642 illo
182 573 306 642 honore
322 573 507 660 insignitum
517 573 621 641 scrisse.
663 574 938 667 Quinquagesirno
950 580 1157 653 deIndeanno

102 684 231 770 (1793)
242 705 336 756 more
353 683 438 756 illius
457 682 636 750 academiae
654 686 809 765 solemni,
837 692 871 752 in
890 691 1065 756 secularem
1083 718 1157 759 me-

102 795 249 866 moriam
266 792 614 888 immtrataeejusdem
634 792 792 882 dignitatis
811 809 884 862 ante
910 798 970 864 hos
997 807 1157 889 quinqua-

100 906 196 991 ginta
215 921 317 974 annos
336 922 411 970 curu
428 913 580 986 potestate
598 900 702 975 inhac
712 903 873 970 academia
882 911 1027 993 primum
1036 910 1158 975 docen-

102 1009 164 1098 di,
190 1006 417 1097 Philosophiae
432 1010 563 1083 Doctor'
580 1025 613 1077 et
640 1010 837 1080 Liberalium
856 1016 986 1084 Artium
1003 1018 1158 1107 Magister

103 1119 219 1192 denno.
236 1119 492 1215 appellatus-est:
515 1117 595 1195 haec
614 1132 663 1185 est
680 1121 818 1188 formula
838 1123 925 1190 editi=
937 1125 1157 1192 hocinomine

102 1226 373 1313 Programmatis,
388 1230 477 1313 cujus
496 1226 689 1315 exemplaria
708 1232 873 1317 complura
899 1256 973 1298 cum
994 1232 1157 1299 'honorili-
1247 1301 1248 1305 ,

101 1339 154 1400 cis
178 1336 293 1407 litteris„
316 1335 358 1400 ad
386 1358 463 1408 eum
486 1338 609 1423 scriptis
634 1340 720 1404 misit
745 1339 894 1410 Decanus
920 1337 1156 1428 philosophicae

101 1444 262 1516 facultatis.
278 1437 376 1518 Fami
388 1431 608 1519 (decumanus,
624 1445 797 1521 Aususrus
815 1449 1007 1535 Mneuumn,
1025 1454 1077 1516 vir
1088 1449 1156 1513 cla·
1242 1428 1243 1435 ἵ

99 1556 258 1626 tissimus.
281 1602 284 1606 -
304 1554 411 1640 Hujus
439 1558 519 1628 item¹
541 1557 592 1626 rei
618 1557 765 1619 notitiam
787 1554 1009 1623 Ronuuuulus
1028 1563 1157 1622 nonnisi

98 1685 186 1756 cum,
198 1683 268 1734 uno.
285 1677 340 1735 aut
358 1663 461 1730 altem
477 1667 728 1738 communicavit
750 1659 907 1729 ammei?
1003 1686 1022 1720 s

189 1774 318 1863 Verum
336 1771 564 1844 Runurrnurus,
583 1792 652 1837 non
678 1785 746 1837 erat
771 1775 925 1837 immunis
953 1794 972 1836 a
997 1771 1154 1859 superbia,

99 1891 136 1944 et
154 1903 174 1943 a
194 1879 335 1970 quodam
353 1879 419 1952 fere
437 1880 563 1951 fastidio
580 1883 701 1966 patriae
721 1877 927 1968 Germaniae,
944 1894 982 1948 ut
999 1886 1055 1968 qui
1070 1881 1154 1944 mal-

98 1991 145 2054 let
166 1990 310 2065 Batavus¹
327 1989 437 2054 haberi
457 1993 556 2076 quarn
569 1987 782 2061 Theodiscus:
800 1989 885 2076 apud
895 1990 1035 2062 Batavos
1047 2003 1154 2054 autem

97 2101 249 2185 Magistri
276 2120 345 2163 non
369 2099 472 2164 solent
494 2102 611 2176 creari;
640 2118 699 2161 nec
725 2119 806 2165 vero
827 2100 980 2184 Magister
1005 2112 1072 2165 erat
1100 2097 1154 2162 ille

97 2206 567 2292 T1snn1us2Hrusrunnusrus,
595 2230 693 2292 quem
721 2211 865 2296 assequi,
892 2230 990 2295 quem
1018 2229 1152 2272 omnem

96 2315 255 2383 aemulari
274 2319 367 2379 unice
385 2315 529 2387 studebat
539 2317 775 2389 Ruuuunmus,
814 2317 964 2404 Memini,
977 2331 1052 2379 cum
1066 2336 1151 2379 anno

94 2429 268 2512 superioris
289 2424 404 2493 saeculi
430 2427 627 2510 sexagesimo,
649 2435 762 2512 octavo
783 2422 935 2510 Lugduni
952 2424 1152 2492 Batavorum

94 2535 221 2598 adirem
247 2533 368 2596 Virum
393 2532 656 2618 celeberrimum,
688 2543 720 2595 et
746 2529 930 2622 Germanus
949 2528 1151 2597 Germanum

93 2642 263 2706 Germana
290 2640 400 2726 lingua
426 2640 638 2728 adpellarem,
670 2662 745 2706 eum
778 2641 863 2705 illico
892 2662 1021 2729 negasse
1041 2661 1076 2704 se
1104 2643 1151 2702 uti
1202 2628 1214 2646 s

93 2772 189 2837 posse
207 2769 358 2815 sermone
376 2748 439 2818 alio
461 2771 558 2836 quam
578 2750 751 2835 Francim,
774 2762 828 2812 aut
846 2755 874 2820 si
893 2750 1005 2816 malim
1023 2746 1149 2812 Latino.
1226 2755 1228 2760 ’

93 2857 197 2924 Brevi
216 2868 288 2943 post
315 2878 389 2920 cum
409 2856 548 2946 Trajecti
574 2857 616 2920 ad
634 2856 789 2921 Rhenum
817 2857 986 2931 salutarem
1005 2854 1151 2923 Christo-

93 2965 237 3052 phorum
257 2963 399 3051 Saxium,
420 2981 451 3030 et
469 2970 575 3053 ipsum
596 2965 797 3038 Germanum
821 2966 971 3039 nascendi
992 2965 1064 3029 loco
1090 2953 1165 3028 eo-¹

95 3074 185 3160 dem,
206 3095 270 3160 quo
290 3072 408 3138 Hurun
434 3096 537 3160 nuper
563 3089 725 3160 mortuus,
757 3097 872 3164 usum,
903 3074 1086 3145 Chemnitio
1113 3075 1149 3134 in

93 3181 245 3269 Saxonis,
264 3193 358 3269 atque
377 3181 494 3247 diutius
505 3178 723 3250 ³Runuuumo.
739 3185 822 3248 inter
834 3183 973 3255 Batavos
991 3185 1058 3269 jam
1071 3201 1149 3248 ver-

93 3303 215 3376 satum,
247 3288 396 3376 huncque
424 3293 597 3360 vernaculo
625 3312 773 3358 sermone
801 3297 977 3364 etiamnum
1005 3287 1149 3375 expedite
1216 3372 1220 3380 Ι

94 3410 240 3463 utentem
258 3401 404 3486 mirarer,
422 3399 614 3489 significans,
632 3421 708 3466 cum
734 3401 942 3476 Rununnum
970 3399 1049 3488 quId
1068 3395 1160 3461 mihiv

94 3506 261 3589 accideri13
282 3507 353 3594 Ille,
370 3505 638 3596 indignabundus,
656 3530 725 3574 non
744 3509 901 3578 dubitavit
912 3531 1061 3595 asserere,
1079 3526 1152 3570 non

95 3636 164 3679 esse
182 3612 244 3680 nisi
265 3615 548 3683 dissimulationem
565 3615 716 3706 hominis,
736 3620 792 3704 qui
810 3623 949 3706 patrium
963 3626 1147 3682 sermonem

94 3743 160 3788 una
181 3745 257 3786 cum
274 3729 376 3810 patria
394 3725 573 3813 deposuisse
592 3725 696 3793 videri
715 3726 801 3794 velit
848 3803 849 3807 Ἰ

178 3830 250 3919 Ego
271 3854 351 3901 vero
370 3847 493 3899 tantum
519 3835 608 3919 abest
629 3848 664 3898 ut
692 3837 886 3924 MagIstrum
906 3835 1145 3919 Tubingenssm

95 3937 310 4022 profiterime
329 3948 501 4034 haesitem,
534 3958 569 4008 ut
598 3945 727 4031 gloriari
759 3950 856 4011 etiam
881 3943 987 4011 lubeat
1005 3941 1092 4030 mihi
1106 3939 1145 4003 de
1194 4031 1196 4035 ¹
