2776 5124
466 405 591 532 Turor.
610 463 650 509 rr
667 440 928 510 Οιιιιιιιιιιιιυι.
1153 439 1209 511 lit

189 634 197 707 ξ
247 613 334 682 Filio
357 632 416 680 suo
432 610 625 677 chaenone
647 605 700 674 M.
718 603 828 674 Wilh.
848 599 1077 688 Schiclrherdo,
1104 603 1140 670 in
1158 626 1213 672 ra·-

248 732 428 788 crosanctae
447 719 643 804 Theologiac
662 711 764 780 Studii
782 713 1024 784 incitamentum
1044 709 1155 802 offert,
1182 728 1214 780 et

169 856 185 865 ··
241 827 357 896 sancti
374 827 508 916 Spiritus
525 830 670 914 gratiamz
680 832 826 910 precatur
842 817 992 887 Matthias
1010 818 1212 891 Hafcureffer

218 936 222 943 ’
248 935 294 1010 D.
318 945 355 1007 17
375 935 560 1002 duilon:
616 972 620 981 ·
681 945 682 949 ’

134 1164 137 1169 ·
197 1198 210 1207 ..
230 1143 345 1238 .Sed,.
363 1146 450 1236 quod
469 1145 579 1216 mallet
596 1146 649 1216 vir
673 1147 812 1232 optimus
838 1153 983 1215 amanter
1001 1165 1094 1233 agere
1114 1166 1212 1234 quam

164 1277 295 1345 severe,
319 1277 387 1323 nec
405 1268 518 1344 posset·
533 1275 627 1343 ase,
657 1257 720 1319 nisi
743 1258 917 1325 enormiter
937 1267 1078 1343 coactus,
1104 1238 1212 1343 irnpe-

164 1380 267 1456 aare,
299 1379 335 1432 ut
360 1366 523 1443 severitati
552 1361 661 1429 locum
689 1361 792 1447 daret,
826 1365 934 1433 minus
953 1360 1215 1452 biscepstune,

166 1499 270 1564 quam
286 1477 376 1540 aliter
394 1473 464 1539 fieri
480 1482 512 1536 'et
527 1484 651 1558 poterat
666 1483 698 1534 et
710 1468 859 1557 debebat,
877 1471 1033 1538 satisfecit.
1073 1470 1216 1556 Exeunte

165 1585 292 1653 saeculo
320 1585 446 1649 decimo
473 1584 627 1671 septimo,
659 1581 823 1645 remissior
849 1577 931 1644 facta
958 1600 996 1643 ac
1022 1573 1089 1659 fere
1114 1583 1217 1658 soluta

166 1694 347 1781 disciplina,
381 1695 604 1778 impunitatem
635 1697 671 1752 ut
700 1685 738 1753 fit
763 1701 939 1779 ⁹consecuta
967 1689 1092 1757 licentia
1121 1710 1217 1783 atque
1326 1696 1329 1700 ’

165 1802 312 1884 ιιιάιιείιι
332 1804 429 1867 missa
448 1804 546 1864 etiam
563 1794 699 1862 subinde
719 1794 979 1887 ar’Superioribus
997 1798 1108 1866 Edicta
1124 1818 1218 1891 aspe-

166 1914 270 1999 riora,
286 1930 374 1997 quae
387 1908 551 1973 turbatum
562 1917 681 1972 statum
694 1902 849 1992 Stipendii
858 1907 1126 1994 reprehenderent
1141 1904 1219 2000 gra-

166 2023 269 2108 viter,
289 2031 322 2084 et
339 2017 537 2104 Inspectores
556 2013 716 2080 etiamad
734 2018 952 2082 auctoritatem
968 2034 1201 2114 revocarent-32

220 2203 404 2293 ⁴‚Denique
430 2223 517 2269 anno
542 2195 667 2269 decimo
690 2204 826 2291 septimo
848 2203 964 2290 (1617)
984 2205 1103 2276 Noster
1121 2211 1216 2279 altio-

166 2336 264 2398 rem„
279 2335 378 2400 quem
397 2309 454 2388 hie,
470 2299 555 2398 apud
572 2301 632 2376 nos
644 2309 805 2397 reliquum
819 2310 965 2402 haberet,
985 2316 1122 2402 gradum
1135 2343 1216 2386 con-

166 2436 291 2491 secutus
310 2432 374 2508 est,
407 2431 535 2506 mortuo
557 2415 772 2511 cancellario,
801 2418 932 2509 Andrea
951 2423 1218 2516 Osiandro‚cu7
1311 2410 1315 2415 ⁸

168 2537 220 2624 jus
238 2536 306 2621 ipse
323 2528 455 2596 antehac
470 2500 591 2614 collega
602 2522 814 2614 Stuttgardiae
827 2510 943 2619 fuerat,
957 2552 1122 2601 successor
1136 2560 1223 2609 con.-

168 2646 305 2711 stitutus.
341 2636 388 2702 At
415 2636 476 2700 hoc
504 2647 666 2722 postremo
691 2653 827 2703 munere
851 2578 945 2708 brevi
963 2639 1017 2708 ille
1037 2641 1217 2738 defluere,

170 2754 228 2838 qui
250 2770 308 2835 per
332 2757 464 2810 aetatem
485 2755 609 2830 poterat
626 2765 787 2833 superesse
805 2730 907 2812 annos
925 2731 1115 2838 complures.
1155 2752 1221 2824 Sed

169 2862 289 2933 visum
305 2866 351 2920 est
368 2854 442 2919 Deo
460 2851 608 2946 Optimo
616 2853 781 2941 Maximo,
812 2858 933 2942 eripere
957 2856 1052 2924 rebus
1070 2858 1220 2932 humanis
1328 2889 1330 2896 ’

170 2967 378 3045 mitissimum
398 2961 579 3051 homiuem,
608 2974 780 3050 autequam
799 2960 954 3031 irruerent
973 2969 1147 3034 tristissima
1166 2973 1221 3039 illa

170 3073 376 3166 funestissimi
399 3062 475 3135 belli
498 3081 662 3158 tempora,
692 3070 805 3156 quibus
828 3093 946 3158 parum
964 3073 1064 3140 abfuit
1083 3083 1160 3164 quin
1178 3051 1225 3149 ad

170 3190 286 3254 incitas
307 3183 501 3270 redigeretur
522 3179 637 3245 Schola
659 3192 768 3245 nostra
786 3190 925 3246 unacum
943 3185 1044 3271 patria
1062 3189 1221 3264 universa.

171 3295 217 3363 Et
243 3315 313 3360 non
336 3303 461 3357 tantum
481 3299 663 3376 opportuno
682 3300 827 3376 tempore
846 3288 938 3379 obiit,
968 3289 1025 3357 sed
1044 3313 1117 3357 eam
1136 3314 1221 3382 quo-

174 3426 240 3492 que
257 3399 417 3468 moriendi
435 3399 616 3484 felicitatem
633 3410 744 3463 nactus
762 3408 824 3485 est,
844 3419 924 3486 quae
943 3401 1142 3487 paucioribus
1161 3403 1221 3468 ob·
1295 3455 1297 3458 >

173 3515 286 3599 tingit,
313 3521 350 3575 ut
374 3509 440 3573 iere
460 3506 583 3592 subite,
604 3508 641 3607 ip
659 3509 757 3595 ipsius
775 3512 917 3577 muneris
935 3508 1078 3598 partibus
1096 3510 1221 3581 obeun-

175 3620 243 3711 dis,
260 3621 441 3708 exspiraret.
524 3705 528 3712 ¹
1111 3605 1115 3615 ⁸

262 3806 390 3903 Quod'
379 3827 500 3897 ipse
465 3775 574 3903 auimo
593 3811 822 3894 praesenserat,
851 3802 939 3890 quod
958 3802 1079 3870 dudum
1098 3773 1269 3943 aperie-—¹

139 3930 229 3988 Ιιιι
246 3915 337 4005 filiis,
356 3914 451 4004 quod
462 3926 604 4015 repetere
621 3918 703 3982 inter
723 3911 926 3980 domesticos
932 3924 963 3978 et
982 3912 1151 3980 familiares
1170 3936 1224 3994 so-

935 4029 973 4087 10
991 4019 1010 4057 ¹*
