2776 5124
182 432 241 497 150
496 424 627 490 Marrn.
647 421 902 508 Harrrnnrm,

262 592 458 662 Doctrinam
497 589 623 655 abunde
656 588 805 676 probavit
839 585 963 671 scriptis
992 584 1234 678 compluribus,

175 725 264 771 nunc
291 702 438 792 quidem,
469 713 506 770 ut
530 699 583 786 fit,
617 721 655 762 ex
668 719 741 764 usu
767 699 917 782 resuntis,
946 693 1003 761 sed
1028 695 1110 769 olim
1128 695 1233 790 longo

174 827 319 902 tempore
341 810 602 879 celebratissimis.

256 944 297 1012 In
316 944 378 1011 illis
396 944 457 1009 tria
477 947 636 1032 eminent,
987 988 991 993 -
1163 996 1167 1000 .

298 1053 384 1120 Loci
410 1051 604 1139 theologicis
628 1064 713 1119 certa
737 1051 890 1119 methodo
910 1068 947 1117 ao
966 1053 1090 1117 ratione
1109 1049 1144 1115 in
1163 1059 1229 1115 tres

339 1161 439 1230 libros
458 1163 577 1229 tributi.
597 1162 673 1228 editi
691 1163 836 1251 prinum
854 1181 941 1228 anno
959 1159 1132 1232 millesimo
1150 1179 1229 1227 sex-

343 1273 527 1339 centesimo.
568 1270 702 1359 (1600.)

304 1375 470 1465 Emptum
485 1380 676 1467 Ezechielis,
695 1382 813 1450 sivein
825 1399 948 1450 novem
961 1387 1124 1468 postrema
1135 1377 1223 1446 Pro-

338 1484 452 1574 phetae
471 1490 573 1576 capita
593 1491 852 1556 commentarius.
896 1496 990 1560 1613.

297 1593 435 1666 Novum
447 1595 533 1662 Test.
543 1618 656 1685 graece
671 1610 703 1662 et
713 1597 809 1664 latine
814 1632 834 1682 ,·
845 1622 918 1664 enm
933 1599 1093 1666 varietate
1109 1600 1225 1666 lectio-

342 1704 404 1772 nis.
448 1711 540 1772 1618.
572 1708 624 1769 cui
653 1710 852 1774 accessisent
875 1727 1004 1801 quoque
1022 1708 1226 1774 Annotatio·

341 1834 414 1902 nes,
438 1815 465 1880 si
485 1815 552 1883 vita
569 1811 796 1900 superfuisset..

186 2017 196 2027 ,
258 1947 311 2015 De
339 1947 470 2037 singulis
493 1969 652 2038 exponere
673 1940 769 2016 vetat'
784 1949 938 2038 temporis
959 1949 1040 2015 ratio
1068 1945 1225 2016 habenda.

173 2054 401 2147 seuuemo,
433 2079 530 2147 quem
554 2061 662 2146 primo
687 2057 760 2127 loco
782 2057 864 2146 dixi,
896 2057 979 2123 libro
1005 2078 1074 2123 non
1092 2079 1223 2144 possum

174 2176 244 2233 'non
263 2165 419 2234 nonnulla
436 2167 555 2233 referre
573 2166 724 2237 breviter.
762 2166 838 2255 Ipse
856 2177 943 2233 ortus
960 2165 1034 2232 libri
1047 2165 1144 2256 plane
1157 2169 1224 2234 sin-

172 2262 325 2366 ‘guaris

258 2409 430 2497 Friderici,
466 2410 756 2500 Wiirtembergiae
788 2409 906 2497 Ducis,
939 2407 1024 2476 filius
1050 2429 1088 2473 ao
1116 2406 1224 2497 heres,

176 2518 323 2587 Joannes
350 2518 548 2610 Fridericus,
586 2542 688 2609 quum
716 2517 757 2584 ab
783 2522 914 2585 ineunte
938 2528 1039 2583 aetate
1068 2514 1226 2581 dictorum

176 2651 283 2698 uerae
298 2627 478 2716 scripturae
497 2650 670 2696 numerum
684 2625 775 2693 -bene
793 2647 949 2715 magnum
968 2622 1154 2712 complexus
1174 2648 1226 2692 es-

176 2752 225 2818 set
248 2735 425 2825 memorii,
453 2759 517 2824 qua
541 2736 681 2802 multum
705 2733 849 2824 valebat,
876 2735 1007 2800 traditus
1026 2747 1073 2800 est
1091 2735 1228 2802 Ductori

175 2844 324 2934 theologo
351 2843 453 2911 Index
477 2845 608 2910 illorum
628 2843 800 2930 dictorum,
829 2841 936 2909 addito
955 2840 1107 2908 mandato
1125 2845 1226 2909 Ducis

176 2955 377 3041 imperantis,
395 2965 433 3018 ut
451 2974 491 3019 ea
510 2951 593 3017 dicta
611 2971 680 3018 non
697 2963 823 3021 tantum
837 2951 873 3016 in
888 2949 1228 3017 Locorum·Commu-

176 3064 269 3128 nium
291 3064 407 3148 justam
426 3063 560 3149 seriem,
587 3059 644 3127 sed
663 3062 774 3144 etiam,
805 3081 887 3148 quae
906 3061 942 3126 in
961 3063 1078 3148 quovis
1096 3060 1228 3128 theolo-

176 3170 339 3260 gicoloco
359 3174 529 3263 praecipua
546 3181 577 3238 et
595 3191 724 3236 summa
739 3167 900 3235 doctrinae
911 3172 1013 3258 capita
1026 3167 1231 3240 observanda

175 3292 296 3367 essent,
318 3278 460 3348 breviter
478 3279 649 3367 colligeret.
690 3263 894 3371 Quapropter
912 3282 1082 3368 inscriptus
1097 3304 1230 3372 quoque

175 3388 258 3457 liber
282 3389 340 3456 tuit
358 3388 483 3458 Joanni
501 3388 681 3476 ruderico,
711 3388 807 3455 Duci.
858 3386 959 3454 Haud
983 3410 1048 3455 una
1074 3399 1230 3482 recogni-

177 3498 265 3562 tione
284 3496 516 3586 amplificatus,
551 3495 669 3564 crebris
694 3495 884 3566 editionibus
909 3505 1074 3589 repetims‚
1099 3506 1230 3590 princi-

175 3618 287 3694 patum
311 3608 412 3672 tenuit
436 3605 551 3673 saeculi
576 3607 643 3673 fere
668 3608 785 3696 integri
806 3611 918 3697 spatio.
956 3608 1029 3675 Nee
1046 3609 1144 3678 solius
1163 3634 1230 3700 pa-

177 3716 256 3780 triae
274 3710 392 3780 finibur
411 3718 567 3782 condneri
585 3738 619 3783 se
638 3735 747 3804 passus
766 3726 828 3805 est,
847 3718 904 3784 sed
922 3718 976 3788 vel
994 3722 1031 3784 in
1048 3722 1120 3807 ipso
1141 3718 1230 3788 sue-

176 3825 245 3888 cias
270 3841 371 3911 regno
396 3835 518 3888 tantam
543 3829 764 3891 auctoritatem
787 3840 912 3916 nactus,
943 3842 980 3894 ut
1005 3834 1094 3918 regio
1121 3831 1230 3900 edicto

176 3932 222 3998 sie
241 3942 395 4000 statuente
412 3933 488 4002 inde
506 3932 546 4001 ab
565 3955 651 4001 anno
666 3940 892 4004 sexeentesimo
906 3926 1097 4006 duodecinro
1114 3941 1229 4028 publi-
