2776 5124
476 437 934 512 Turmeermmmmoms.
1166 455 1223 514 173

180 625 249 672 tum
275 605 449 694 theologiae
472 606 630 694 professor
654 609 917 675 extraordinarius
936 614 1223 697 consummarat,

177 715 311 798 publica
336 716 427 779 lectio
446 715 574 802 linguae
592 715 754 782 hebraicae
774 717 961 784 demandata
981 733 1035 784 est
1076 722 1154 789 Erat
1172 725 1225 788 hie

180 842 221 883 ex
249 821 409 908 disciplina
430 823 623 905 Schiclrardi3
653 825 849 913 linguarum,
878 840 1002 912 praeter
1027 827 1222 920 hebraicam,

181 933 278 995 etiam
305 929 493 1017 chaldaicae,
527 931 691 1020 Syriacae,
723 937 826 999 immo
857 938 952 998 etiam
978 937 1120 1002 arabicae
1142 940 1224 1005 bene

180 1059 311 1122 gnarus,
332 1038 418 1125 quod
436 1063 475 1104 er
496 1039 704 1127 disputatione
721 1045 818 1128 ipsius
831 1041 1018 1130 philologiae
1033 1048 1068 1109 in
1082 1052 1223 1132 primam

178 1145 300 1211 Corani
316 1147 431 1213 Suram
454 1152 631 1234 conscripta
657 1149 851 1237 intelligitur.
893 1150 934 1215 In
956 1151 1142 1218 lectionibus
1162 1155 1224 1219 hc-

175 1251 289 1319 braicis
318 1260 463 1323 tractavit
488 1255 694 1344 horologium
727 1257 925 1345 Schickardi,
964 1281 1024 1323 nec
1052 1283 1120 1325 non
1150 1261 1224 1325 huie

175 1362 377 1450 subjunctam
394 1364 487 1429 lexici
506 1365 646 1430 hebraici
663 1367 840 1451 epitomen:
869 1370 903 1429 iu
923 1365 1106 1452 theologicis
1125 1392 1222 1454 prae-

174 1471 363 1538 lectionibus
379 1473 554 1541 vindicavit
565 1473 883 1538 versionemLutheri
898 1475 1102 1540 vernaculam
1114 1475 1223 1565 Scrip-

174 1590 264 1644 turae
293 1602 415 1668 sacrae,
453 1582 539 1647 unde
568 1594 680 1646 natum
709 1594 755 1646 est
781 1581 973 1666 palmarium
1001 1585 1098 1667 ipsius
1126 1607 1220 1670 opus:

169 1684 341 1760 ¹Vindiciae
379 1692 533 1757 versionis
565 1688 602 1756 S.
627 1687 808 1752 Bibliorum
842 1693 1040 1775 germanicae
1071 1690 1219 1782 Lutheri,

170 1817 192 1858 a
204 1795 365 1886 malevola
383 1818 515 1862 censura
539 1809 571 1860 et
589 1799 706 1882 iniquis
724 1792 993 1883 vellicationibus,
1017 1820 1086 1862 non
1105 1798 1221 1864 Ponti-

168 1898 319 1992 ficiorum
345 1904 465 1991 solum,
495 1908 550 1990 qui
574 1927 645 1969 eam
665 1907 811 1990 primitus
828 1928 870 1968 err
888 1905 1029 1990 professo
1050 1927 1217 1994 oppugna·
1240 1972 1243 1977 ,

172 2006 262 2099 runt,
282 2010 343 2075 sed
364 2015 459 2075 etiam
478 2013 614 2076 aliorum
630 2012 802 2076 sciolorum
817 2017 995 2081 temerariis
1016 2019 1221 2080 correctioni-

169 2119 230 2186 bus
249 2143 383 2207 -ope
408 2120 546 2186 fontium
572 2120 785 2186 hebraeorum
810 2133 841 2183 et
863 2141 1067 2211 graecorum,
1100 2122 1219 2187 collatis

170 2229 384 2315 utplurimum
406 2226 619 2293 nobilioribus
645 2228 802 2293 orientalis
829 2241 861 2290 et
885 2229 1082 2295 occidentalis
1105 2232 1218 2300 Eccle-

170 2341 292 2402 siarum
305 2336 513 2404 versionibus.
533 2337 747 2422 -Princeps
759 2336 1044 2424 Wirtcmbergica,
1065 2338 1217 2430 Antonia,
1257 2420 1265 2431 „

169 2445 348 2511 litterarum
373 2444 582 2509 hebraearum
602 2449 690 2509 *mim
717 2444 863 2529 exemplo
884 2451 1114 2536 amantissima,
1142 2473 1216 2516 cum

168 2555 206 2617 in
232 2539 352 2639 templo
373 2551 564 2617 Deinacensi
586 2574 696 2618 recens
720 2564 863 2615 extructo
884 2552 1039 2618 dedicaret
1055 2576 1148 2623 suam
1167 2571 1218 2622 ta-

165 2657 280 2724 bulam
302 2657 558 2746 Cabbalisticam,
586 2659 778 2746 inauguralis
800 2663 950 2725 orationis
972 2661 1135 2729 habendae
1154 2666 1222 2732 ho-.

168 2790 253 2835 nore
279 2780 407 2832 ornatus
434 2766 474 2831 ab
501 2789 539 2832 ea
565 2779 612 2832 est
634 2765 789 2830 Raithius.
837 2766 976 2831 Praeluit
999 2777 1130 2834 muneri
1157 2796 1214 2840 suo

167 2875 315 2942 Raithius
329 2876 375 2940 ad
395 2895 517 2940 annum
534 2880 740 2960 usque1680,
762 2894 825 2959 quo
844 2873 965 2938 morbis
984 2882 1100 2964 magis,
1117 2902 1214 2966 quam

164 2992 258 3053 senio
275 2987 432 3051 confectus
447 2997 560 3071 sponte
573 3006 640 3049 sese
654 2981 827 3066 abdicavit,
847 2979 1118 3069 honorificamque
1135 2994 1215 3054 mis-

162 3100 292 3162 sionem
306 3095 451 3179 obtinuit,
475 3092 611 3156 honesto
626 3093 721 3155 etiarn
731 3087 886 3173 stipendio
901 3103 1027 3154 ornatus
1044 3105 1076 3156 et
1090 3095 1215 3162 aPrin-

167 3207 239 3292 eipe
258 3217 291 3269 et
309 3225 328 3268 a
346 3202 482 3269 Scholae
502 3197 705 3282 antistitibus,
730 3197 817 3280 cujus
834 3193 979 3261 beneficii
997 3213 1120 3286 gratam
1140 3227 1214 3269 me-
1256 3259 1257 3263 ,

166 3316 308 3378 moriam
323 3310 562 3395 testificaturus,
591 3307 710 3392 legavit
729 3303 938 3369 Universitati
958 3328 996 3369 ex
1019 3329 1075 3372 sua
1094 3309 1213 3376 biblio-

166 3418 257 3484 theca
284 3441 365 3506 opus
390 3417 614 3481 Talmudieum
643 3434 717 3476 erun
743 3410 864 3477 Corani
891 3406 1007 3477 arabici
1032 3415 1212 3503 fragmento

164 3531 400 3615 manuscripto,
436 3549 520 3613 quae
546 3527 724 3591 etiamnum
751 3531 920 3588 serrantur
954 3524 990 3587 in
1023 3520 1211 3594 bibliotheca

164 3630 304 3723 publica.¹
414 3655 416 3659 ’

251 3743 470 3810 Successorem
483 3745 627 3812 Raithiu's
643 3739 754 3807 habuit
772 3739 807 3803 in
827 3749 960 3824 utraque
976 3737 1122 3805 cathedra
1134 3765 1208 3808 cum

164 3851 342 3940 theologica
359 3867 429 3920 tum
444 3854 588 3921 hebraica
608 3852 752 3934 Georg.
767 3845 886 3910 chr.
903 3842 1210 3937 Haeherlinnm,

162 3957 453 4049 Smugardiensem.
510 3964 591 4051 Hic,
626 3979 774 4028 emensus
808 3955 945 4022 stadium
976 3961 1207 4046 monasticum,
