2776 5124
160 433 219 501 104
498 431 673 495 Murcnron
692 427 853 516 vorum,

159 611 205 661 est
223 595 538 684 Erythropolitanus,
559 619 619 662 nec
638 617 724 684 non,
744 593 786 657 ob
805 593 942 678 patriam
963 614 1036 658 cum
1049 595 1214 666 Helvetiis

160 705 286 769 foedere
304 707 460 789 junctam,
485 703 662 770 Helvetius.
710 699 877 786 Tnbingae
897 710 950 766 20.
971 702 1103 770 Octobr.
1126 711 1211 788 1514

160 817 316 900 inscripsit
339 813 478 877 Rectore
503 812 551 875 D.
569 811 688 872 Jacoto
709 805 832 896 Lamp,
865 811 1053 897 „Melchior
1081 815 1211 879 Volmcr

159 917 422 1010 „l{ottoilensis“.
474 919 666 985 Litterarum
698 939 789 1001 causa
822 941 901 1004 puer
929 921 1070 987 Bemam
1094 929 1213 990 missus

163 1018 225 1116 est,
264 1034 350 1116 cujus
379 1034 426 1094 rei
454 1050 580 1092 causam
608 1027 757 1093 videmur
786 1026 878 1090 nobis
906 1032 940 1091 in
971 1051 1008 1092 eo
1038 1038 1212 1121 reperisse,

162 1139 248 1227 quod
274 1144 330 1226 qui
349 1137 484 1224 Collegii
501 1135 740 1201 Canonicorum
761 1133 930 1201 Bernensis
950 1137 1098 1204 Scholam
1123 1157 1213 1228 tum,

162 1271 230 1314 non
257 1253 325 1313 sine
341 1249 484 1346 nominis
509 1249 557 1309 sui
580 1244 665 1306 fama
685 1242 806 1345 aliqua,
839 1244 1080 1337 moderaretur,
1114 1250 1212 1316 Vole-

162 1359 230 1420 rius
251 1357 443 1442 Amemus,
464 1355 566 1418 dictus
587 1352 680 1440 llud,
702 1365 733 1416 et
751 1354 818 1437 ipse
838 1354 990 1445 oriundus
1010 1371 1088 1421 esset
1103 1358 1212 1423 Roth-

162 1462 252 1551 wilai.
301 1462 408 1527 Berua
436 1462 583 1548 deinceps
613 1459 846 1547 adiugeuium
872 1466 972 1548 magis
1001 1465 1211 1531 excolendum

161 1573 319 1659 profectus
344 1584 390 1659 est
407 1550 578 1635 Lutetiam.
624 1568 688 1632 Hic
711 1572 853 1631 maxime
874 1569 987 1634 Jacobi
1008 1572 1213 1653 Fabri-Sta.

161 1679 305 1761 polensis
328 1683 524 1767 institutione
549 1691 644 1764 atque
672 1676 802 1769 consilio
829 1698 917 1763 usus,
951 1683 1079 1765 optimis
1101 1682 1213 1748 litteris

164 1805 231 1854 tam
257 1787 387 1852 feliciter
413 1809 546 1873 operam
571 1785 672 1871 dedit,
702 1798 753 1872 ut,
786 1806 859 1847 cum
879 1779 1053 1872 Magisterii
1073 1789 1213 1854 honores

163 1895 209 1960 ibi
234 1909 425 1983 capesseret,
455 1899 538 1960 inter
565 1906 693 1958 centum
720 1894 900 1958 candidatos
928 1874 1034 1980 primo
1054 1903 1121 1983 ipse
1140 1897 1213 1962 loco

165 2005 277 2092 dignus
304 1985 524 2101 pronuntiatus
550 2001 653 2067 fuerit.
703 2003 847 2090 Augaria
875 2003 1027 2069 Cinerum
1055 2008 1099 2071 A.
1121 2014 1211 2073 1516.

167 2114 199 2180 d.
219 2122 244 2179 1.
262 2114 491 2189 ωευε.,Μεῐ[11
507 2096 733 2178 Baccalaureus
752 2113 849 2179 factus
871 2127 916 2178 est
940 2098 1120 2201 „Melchior
1133 2114 1212 2178 Fol-

164 2244 252 2308 mer,
272 2217 472 2286 Rothwttat
516 2220 757 2285 Humaniorum
777 2244 855 2288 vero
876 2223 1068 2308 litterarum,
1097 2222 1213 2287 latina-

162 2353 237 2394 rum
265 2351 528 2415 graecarumque,
566 2350 642 2393 mox
662 2314 735 2393 eam
756 2333 881 2421 copiam
900 2343 1008 2394 nactus
1029 2343 1089 2417 est,
1129 2344 1212 2396 utet

164 2436 290 2524 publice
310 2458 361 2501 eas
381 2437 532 2525 traderet,
553 2451 583 2500 et
602 2459 687 2500 anno
701 2438 797 2523 seculi
813 2438 960 2502 sedecimi
977 2443 1129 2506 vicesimo
1147 2453 1213 2506 ter-

166 2551 211 2610 tio
233 2544 351 2609 Iliados
367 2545 559 2610 Homericae
580 2543 678 2610 libros
699 2544 777 2623 duos
796 2534 918 2633 priores
938 2551 972 2609 in
988 2532 1093 2610 lucem
1108 2547 1212 2614 ederet

166 2656 323 2723 cuiusuis
345 2663 591 2735 commentariis.
629 2657 698 2749 Sed¹
714 2656 803 2747 'quod
824 2654 1021 2719 Lutheranae
1042 2650 1214 2742 doctrinae,

167 2771 202 2831 in
229 2767 332 2833 Gallia
361 2782 436 2832 tunc
464 2770 654 2850 enascentis,
692 2764 859 2828 studiosior
891 2775 989 2847 esset,
1015 2744 1155 2849 'eamque
1184 2777 1214 2829 et

165 2881 232 2961 ipse
260 2877 368 2962 palam
396 2874 614 2962 profiteretur,
646 2886 676 2935 et
699 2870 937 2941 commendaret
963 2870 1047 2950 aliis3
1068 2893 1215 2960 eorum,

167 2987 222 3070 qui
246 2988 367 3051 avitam
392 2983 579 3073 religionem
604 2995 783 3067 tuerentur,
818 2979 890 3044 odia
911 2993 1003 3081 atque
1023 2979 1152 3044 insidias
1171 2985 1213 3044 ita

165 3098 199 3156 iu
229 3116 261 3158 se
290 3097 473 3180 concitavit,
506 3104 544 3155 ut
561 3090 704 3158 Lutetiae
734 3089 849 3154 diutius
876 3088 984 3153 locum
1014 3092 1094 3151 tueri
1119 3110 1215 3153 suum

165 3222 231 3265 non
250 3215 365 3289 posset.

246 3381 414 3447 Aureliam
438 3386 528 3447 'nuno
558 3382 709 3446 concessit
731 3378 934 3464 Volmarius7'
966 3376 1072 3465 ibique
1091 3373 1212 3442 ‘ludum

165 3493 324 3574 privatum
341 3485 459 3554 selectis
476 3490 595 3575 aliquot
611 3488 856 3552 adolescentibus
871 3485 1066 3549 instituendis
1081 3493 1213 3572 aperuit.

166 3595 241 3660 Hoc
265 3584 408 3662 officium
435 3601 478 3662 ita
504 3602 597 3686 gessit
615 3599 758 3685 feliciter,
789 3611 824 3661 ut
846 3618 922 3659 mox
949 3596 987 3659 de
1008 3600 1073 3682 ejus
1093 3595 1158 3660 fide
1178 3620 1213 3662 ac

90 3784 95 3793 .
165 3705 345 3771 dexteritate
374 3712 409 3770 in
434 3707 608 3771 formandis
629 3710 762 3794 ingeniis
782 3706 875 3790 plane
895 3704 1029 3784 mirifica
1052 3719 1082 3769 et
1103 3687 1212 3794 singu·
1233 3686 1238 3698 ¹

162 3815 236 3879 laris
258 3828 337 3879 esset
357 3819 554 3881 existimatio.
594 3814 705 3899 Itaque
726 3812 778 3878 vel
803 3836 840 3875 ex
861 3794 927 3898 ipsa
946 3812 1070 3876 Lutetia
1092 3818 1126 3877 in
1148 3816 1212 3880 dis-

160 3916 397 4010 ciplinam‘ejus
418 3925 460 3988 A.
486 3929 564 3990 1528
585 3927 696 3987 missus
717 3932 763 3985 est
789 3915 976 3982 Theodorus
996 3917 1104 4008 Betu,
1128 3941 1211 4003 puer
