2776 5124
403 437 602 507 Eutresis
643 439 888 513 Pnsrrarro.
1133 458 1175 534 4³

123 605 285 694 dignitatis
304 601 463 693 fastigium
482 604 656 692 adsecutus,
674 617 710 670 ut
728 583 825 672 Iliber
842 607 940 698 Baro,
958 615 1041 699 regIs
1052 611 1176 684 Berus-

121 717 183 782 sici
202 713 409 782 consiliarius
427 717 559 779 intimus
586 725 618 780 et
636 713 786 780 Minister
810 716 1035 812 adpellaretur,
1067 728 1176 796 sedem

122 827 312 891 continuam
330 819 652 894 habuitPraunhemii
661 843 763 915 prope
770 822 1014 897 Francofurtum
1026 833 1067 899 ad
1075 814 1176 904 Moe-

96 990 100 994 .
124 956 224 1022 num,
238 933 295 1005 ubi
314 936 497 1004 etiamnunc
517 933 620 1003 vitam
640 930 726 1020 degit
744 936 780 998 in
800 937 866 1000 otio
887 958 962 1002 cum
982 939 1142 1030 dignitate.

211 1039 344 1114 Praeter
362 1043 458 1109 hosce
476 1041 693 1130 Duumviros,
726 1039 765 1106 de
784 1041 898 1129 quibus
917 1067 994 1115 sane
1020 1064 1066 1118 est
1092 1057 1178 1142 quod

126 1151 257 1241 gloriari
275 1156 375 1241 possit
392 1139 500 1219 irostra
520 1151 678 1238 sodalitas,
698 1156 813 1217 caeteri
832 1158 1036 1241 perstiterunt
1053 1165 1088 1226 in
1107 1185 1179 1229 sus-

126 1273 221 1359 cepto
241 1263 327 1335 vitae
345 1283 471 1357 genere,
491 1259 546 1333 alii
564 1259 626 1331 alia
645 1271 730 1332 sorte
749 1283 860 1333 rerum
879 1277 910 1335 et
929 1268 1064 1339 vivendi
1081 1286 1180 1342 aetate

127 1393 191 1444 1¹8¹·

212 1477 363 1548 Decanus
381 1478 475 1546 nohis
495 1478 618 1568 obtigit,
638 1501 703 1567 quo
728 1485 904 1569 exoptatior
929 1482 1093 1574 obtingere
1117 1513 1181 1581 po-

125 1600 209 1662 terat
228 1587 351 1678 nullus,
378 1587 553 1655 Jomnnns
579 1588 682 1677 Knts,
706 1590 858 1680 Physices
887 1605 918 1661 et
942 1593 1182 1666 Mathematices

126 1697 305 1787 professor,
335 1700 389 1767 vir
416 1697 592 1767 benevolus
624 1711 720 1790 atque
746 1698 902 1769 hilaritate
924 1702 1099 1793 jucundus,
1126 1713 1183 1796 qui

126 1807 225 1896 mihi,
245 1806 413 1895 discipule,
438 1827 472 1874 se
491 1828 705 1896 propensum,
733 1822 766 1877 et
782 1811 1007 1900 postmodum,
1034 1815 1183 1906 collegae,

127 1919 272 1983 amicum
290 1916 380 1983 nullo
399 1937 468 1985 non
487 1929 634 2010 tempore
651 1917 806 2013 praebuit.
836 1917 1087 2005 Progrommote
1096 1924 1182 1987 edito
1266 1944 1268 1949 ’

128 2025 280 2113 Eclipsin
301 2023 386 2089 Solis
406 2025 441 2094 in
461 2037 566 2119 snerte
585 2022 661 2093 Jesn
684 2022 805 2094 Christi
826 2023 1010 2095 ,Seruatoris
1036 2026 1181 2112 totalem,

126 2129 283 2226 probavit
301 2131 471 2217 contigisse
487 2142 623 2216 praeter·
640 2142 782 2198 naturae
802 2129 959 2201 ordinem.

214 2236 372 2310 Oratione
390 2237 518 2325 publica
537 2238 643 2328 aliud,
671 2261 747 2305 cum
772 2238 870 2326 ipsius
896 2246 1002 2302 morte
1028 2240 1184 2324 conjunc-

129 2360 219 2436 tum,
239 2344 433 2417 miraculum
452 2351 613 2437 exposuit,
641 2358 764 2412 motum
794 2355 911 2413 terroe.
958 2344 1046 2434 Ego,
1074 2368 1184 2415 recens

128 2460 292 2546 Magister,
311 2455 410 2529 verba
429 2454 489 2526 feci
508 2457 548 2520 de
570 2451 833 2524 terraemotibus
856 2450 1005 2518 uniuersa
1028 2452 1074 2513 ad
1087 2452 1182 2516 Elee-

130 2565 234 2629 nicae
260 2564 419 2631 materiae
450 2564 517 2633 eim
543 2559 739 2649 efferendis.-
776 2561 820 2624 ita
848 2561 937 2624 enim
965 2579 1038 2628 rnos
1060 2557 1182 2625 ferebat

129 2673 220 2739 istius
240 2672 361 2751 aetatis,
380 2691 492 2741 morae
511 2691 609 2756 quam
622 2680 736 2757 ¹nostra
755 2667 969 2754 patentioris,
996 2676 1032 2734 ut
1051 2670 1107 2753 qui
1125 2689 1182 2733 so-

130 2779 254 2848 dalium
274 2779 423 2847 omnium
441 2780 575 2845 nomine
595 2779 709 2863 gratias
727 2773 853 2862 publice
871 2771 1087 2863 profiteretur,
1113 2797 1182 2842 non

130 2898 258 2958 untum
277 2883 376 2957 verba
395 2884 527 2970 faceret,
553 2883 610 2954 scd
635 2897 668 2953 et
685 2896 912 2973 argumentum
929 2903 949 2946 a
968 2882 1077 2949 studiis
1096 2882 1182 2950 haud

131 2994 275 3067 alienum
292 3006 431 3059 sumeret
449 2992 511 3061 sibi
529 2992 804 3079 pertractandum:
831 3004 862 3056 et
880 3013 957 3078 ego,
978 2988 1182 3080 Candidatus,

132 3116 206 3170 tum
237 3103 378 3172 maxime
412 3098 588 3168 delectabar
627 3097 731 3166 studio
769 3097 988 3187 philosophiae
1023 3099 1183 3185 naturalis,

133 3209 167 3276 h.
187 3233 217 3278 e.
237 3200 419 3296 disciplinae
437 3207 586 3297 physicae
609 3220 642 3275 et
666 3204 921 3293 mathematicae,
950 3205 1038 3292 quod
1065 3212 1182 3274 sensim

134 3339 235 3389 omne
253 3316 384 3404 deposui
402 3317 444 3389 ad
463 3338 566 3387 sacras
584 3315 702 3384 litteras
722 3312 869 3384 colendas
887 3333 1080 3400 progressus.

217 3424 333 3518 Nuper
351 3431 513 3514 cognitum
533 3438 579 3494 est
597 3447 636 3491 ex
663 3424 901 3488 commentariis
927 3422 1083 3493 litterariis
1102 3420 1185 3510 Lip-

133 3532 340 3623 sensibus&
362 3534 459 3605 celeb.
477 3533 633 3600 Brcnruu
651 3533 849 3622 Lipsiensem
876 3537 911 3599 in
930 3531 1185 3619 Programmate,

136 3640 177 3706 nd
195 3641 398 3714 indicendam
425 3665 566 3713 annuam
583 3643 812 3730 Magistrorum
832 3644 1100 3711 renuntiationem
1129 3659 1185 3704 so-

135 3751 279 3818 lemnem
299 3752 383 3817 edito
404 3751 455 3819 die
474 3751 598 3819 decimo
618 3764 732 3840 quarto
740 3748 969 3833 februarii,th
981 3769 1185 3814 commemo-

136 3871 208 3925 ratu
235 3859 369 3946 dignum
394 3857 557 3946 habuisse,
586 3871 659 3925 ante
686 3880 787 3926 annos
814 3859 1039 3946 quinquaginta
1059 3853 1185 3943 Lipsiae

171 4019 203 4088 *)
220 4018 372 4095 heipeiger
389 4019 670 4096 hiteretunzeitung
690 4021 765 4081 1812.
784 4014 945 4074 Mallium.
964 4028 1023 4074 120.
