2776 5124
446 404 646 471 lirrroars
687 403 934 472 Parrrarro.

176 602 309 657 „sunu
328 594 488 655 rusorum,
508 591 581 633 eum
600 570 668 651 jam
686 565 779 635 brevi
799 581 878 633 esset
897 591 936 634 ex
960 571 1122 659 academia
1152 578 1223 644 dis-

171 688 357 763 „tte-utum.
396 682 484 747 Nam
502 688 671 763 postquam
689 674 748 740 sub
768 674 868 741 finem
888 664 1033 764 ejusdem
1051 689 1128 748 anni
1148 672 1229 773 post

171 806 287 867 'aarum
306 807 441 861 estuneu
460 780 599 868 theolog.
618 780 658 844 ab
678 783 726 850 ill.
745 781 943 852 Consistorio
963 793 1092 855 veniam
1113 815 1220 858 sacro-

168 930 242 973 rum
263 896 477 971 liteicudorum
496 894 557 954 rite
576 892 840 985 impetraveram,
881 894 1088 961 Caustadium
1098 885 1221 966 mere*

167 1017 248 1099 cepi,
266 1008 374 1091 ibique
393 1003 553 1066 orationes
571 1018 675 1075 sacras
693 1020 803 1066 coram
822 1004 944 1090 poprdo
962 1005 1145 1094 frequenter
1157 1010 1222 1075 ha-

167 1123 244 1185 bere
262 1113 394 1179 institui.
588 1180 592 1189 ,

246 1220 310 1287 Sed
328 1223 394 1306 jam
414 1220 497 1303 serio
518 1216 706 1306 cogitabam,
725 1231 762 1283 ut
782 1217 955 1310 desiderio,
988 1224 1074 1311 quod
1095 1225 1220 1294 dudum

164 1339 310 1401 anImum
330 1332 492 1395 invaserat
510 1350 635 1412 meum,
652 1341 773 1392 exteras
794 1351 922 1417 quoque
941 1332 1118 1399 academias
1139 1338 1221 1401 adc-

163 1441 254 1526 undi,
271 1436 448 1511 satisfacere
464 1434 636 1505 commoda
657 1434 797 1521 quadam
815 1442 938 1504 ratione
955 1462 1093 1526 possem.
1141 1445 1220 1510 Erat

166 1564 236 1615 tum
256 1545 447 1632 Goettingae
465 1565 575 1608 recens
585 1532 798 1608 'constitutum
819 1547 986 1635 collegium
1000 1548 1221 1640 theolog.Re-

162 1659 350 1746 petentium,
367 1652 431 1716 hoc
449 1650 601 1716 laudabili
619 1650 716 1737 plane
734 1655 878 1744 consilio,
906 1669 942 1720 ut
960 1660 1094 1743 juvenes
1113 1667 1219 1725 scien-

161 1772 214 1831 tiis
230 1764 371 1850 theolog.
387 1759 502 1826 imbuti
522 1765 792 1846 opportunitatem
820 1762 972 1828 haberent
993 1766 1137 1832 docendo
1156 1792 1220 1857 pa-

164 1879 244 1940 riter
262 1893 301 1935 ac
319 1866 469 1933 discendo
488 1870 523 1931 in
543 1889 652 1931 rerum
674 1867 858 1932 divinarum
874 1875 1003 1936 scientia
1019 1874 1220 1966 proficiendr',

161 2003 261 2067 seque
277 1982 313 2042 in
332 1976 465 2061 tuturos,
483 1977 510 2039 si
530 1978 639 2040 visum
658 1973 763 2063 fuerit,
784 1976 929 2042 doctores
941 1983 1059 2044 sensim
1068 1982 1219 2048 forman·
1229 2006 1245 2027 ¹¹

165 2089 211 2154 di.
247 2086 321 2150 Hac
338 2089 437 2172 igitur
454 2086 692 2170 opportunitate
718 2087 878 2172 cumipse
903 2085 967 2151 frui
994 2087 1219 2175 desiderarem,

163 2197 384 2262 decentissime
401 2195 515 2279 rogavi
534 2212 560 2255 s.
574 2214 609 2258 v.
627 2190 773 2280 Corruit,
792 2204 838 2278 ut,
857 2196 894 2281 si,
913 2193 1064 2280 probaret
1084 2204 1216 2266 consili-

161 2327 232 2390 um,
250 2301 347 2369 vellet
365 2321 426 2385 per
441 2301 608 2385 pristInam
628 2322 702 2363 cum
723 2299 1003 2386 Goettingeusibus
1017 2305 1217 2373 familiarita-

160 2427 227 2476 tem
248 2414 337 2477 viam
356 2408 439 2472 mibi
456 2428 569 2495 parare
586 2409 662 2471 illuc
680 2408 901 2492 perveniendi.
936 2409 998 2475 Ille
1011 2436 1078 2478 non
1093 2417 1218 2502 proba-

160 2525 208 2588 vit
227 2517 328 2582 modo
348 2516 528 2603 consilium,
547 2516 602 2581 sed
623 2531 663 2604 et,
683 2529 719 2580 ut
739 2514 927 2605 obtinerem,
949 2520 1035 2605 quod
1053 2524 1215 2613 optabant,

161 2628 234 2695 ab,
250 2627 487 2713 Murcunusm,
506 2647 557 2688 res
576 2626 769 2688 academicas
788 2638 858 2688 tum
879 2640 1021 2714 curante,
1038 2643 1079 2692 'et
1098 2631 1215 2698 Wrr-

162 2759 251 2822 curo,
270 2734 421 2821 theologo
437 2734 853 2821 celeb,iacileimpetravit.
878 2735 977 2800 Auno
987 2742 1091 2824 itaque
1101 2741 1214 2809 LXVI

162 2850 257 2912 venia
279 2865 299 2906 a
318 2856 409 2929 patre
429 2845 564 2927 optimo,
583 2840 637 2903 sed
659 2863 754 2925 aegre
773 2841 1000 2928 (praesagiebat
1019 2854 1106 2911 enim
1126 2863 1215 2936 quasi

160 2958 291 3036 annua,
308 2973 342 3015 se
360 2947 465 3012 filium
484 2953 519 3012 in
537 2949 597 3012 hac
616 2953 683 3013 vita
702 2971 771 3012 non
791 2953 909 3013 iterum
937 2955 1100 3040 visurum)
1133 2981 1215 3023 con-

160 3083 257 3144 cessa,
273 3063 334 3125 iter
354 3056 581 3143 Goettingense
598 3059 731 3142 suscepi.
784 3055 957 3144 Cooptatus
983 3063 1018 3125 in
1037 3085 1211 3132 numerum

159 3170 399 3256 Repetentium,
415 3168 452 3228 in
472 3164 505 3228 id
524 3167 591 3249 jam
612 3169 704 3228 omni
722 3167 823 3229 anImi
846 3173 1048 3235 contentione
1072 3175 1212 3264 incubui,

160 3290 197 3343 ut
215 3290 246 3342 et
264 3298 397 3340 morum
417 3278 555 3338 castitate
573 3286 604 3334 et
632 3273 792 3362 diligentia
819 3278 854 3338 in
880 3276 1042 3361 explendis
1070 3289 1212 3348 muneris

160 3383 303 3471 partibus
320 3387 380 3447 isto
401 3381 526 3445 honore
544 3403 599 3444 me
616 3402 684 3446 non
702 3383 800 3468 plane
824 3386 992 3471 indignum
1017 3392 1212 3473 praeberem.

158 3493 292 3556 Praeter
308 3493 435 3577 negotia
454 3511 534 3555 vero
552 3488 674 3576 legibus
691 3496 893 3580 praescripta,
913 3494 954 3557 ad
975 3517 1055 3581 quae
1075 3499 1109 3562 id
1128 3524 1212 3585 quo-

158 3622 223 3686 que
241 3596 429 3686 pertinebat,
447 3610 482 3661 ut
510 3598 666 3684 quosdam
691 3590 757 3666 vel.
783 3613 855 3666 test.
885 3601 983 3668 libros
1012 3608 1046 3668 in
1073 3607 1211 3695 collegiis·

160 3707 295 3793 publicis
312 3710 546 3794 interpretarer,
565 3711 600 3771 in
619 3707 739 3793 templo
761 3713 857 3772 etiam
885 3711 1027 3776 academ.
1052 3721 1210 3782 orationes

158 3835 262 3879 sacras
287 3817 411 3900 saepius
434 3813 546 3896 habu13
575 3807 856 3882 celeberrimorum
883 3821 1050 3885 doctorum
1077 3824 1209 3914 scholas,

162 3944 196 3987 v.
215 3943 242 3987 c.
261 3943 287 3988 s.
306 3945 380 3989 ven.
402 3920 565 3990 Warcan
586 3923 757 4010 historicas,
778 3941 810 3990 et
828 3927 872 3993 ill.
891 3929 1075 3995 Mrcmrus
1094 3955 1209 4019 exege-
