2776 5124
169 449 229 515 ast
447 439 900 518 wennesscmnn.

164 618 230 696 ret,
251 617 283 676 et
302 607 369 695 lpse
386 627 461 672 cum
480 605 618 697 theolog.
638 618 670 672 et
684 602 799 695 philos.
818 603 965 672 facultate
979 601 1129 673 caleam
1147 607 1221 675 mi·

165 718 286 805 gravit,
305 715 406 781 redux
425 713 501 780 inde
516 715 615 780 factus
626 719 769 802 sequenti
785 735 887 803 anno,
907 736 972 801 quo
988 727 1020 778 et
1032 713 1102 797 (17.
1115 711 1220 800 Jul.).

165 825 342 912 Magisterii
354 824 492 888 honores
507 821 561 886 hic
575 822 725 913 obtinuit,
744 837 849 889 sextus
863 828 946 889 inter
960 822 1155 889 Candidatos
1165 830 1220 890 36.

249 933 445 1020 Theologiae
465 932 544 997 dum
563 953 697 1020 operam
716 954 804 997 nunc
822 942 971 1020 navaret,
991 942 1117 996 mature
1139 953 1221 997 coe-

163 1045 212 1133 pit
238 1055 271 1108 et
289 1042 367 1106 alios
392 1044 568 1127 instituere,
598 1043 784 1127 praesertim
809 1043 845 1104 in
869 1039 1108 1108 mathematicis.
1153 1037 1221 1106 Sed

164 1172 243 1218 mox
267 1169 353 1214 anno
377 1154 457 1213 1613
483 1146 587 1210 ducah
605 1149 691 1234 jussu
710 1145 871 1237 ablegatus
895 1147 971 1213 hinc
993 1159 1038 1213 est
1061 1147 1103 1212 ad
1123 1151 1225 1216 vica·

163 1267 226 1328 rias
247 1281 359 1347 operas
379 1261 485 1344 prirno
501 1256 744 1343 Herrenbergae
762 1258 965 1346 praestandas
989 1257 1037 1342 (d.
1057 1262 1097 1324 25
1117 1252 1219 1323 Mart.

71 1355 77 1367 κ
168 1352 247 1435 1613
266 1371 407 1456 primam
427 1364 615 1432 concionem
631 1367 793 1455 publicam
806 1366 1089 1454 habuitHaslaci),
1120 1367 1219 1434 dein-

49 1529 51 1533 .
164 1478 205 1542 de
222 1477 424 1542 Kirchhemii
442 1475 484 1540 ad
496 1475 654 1542 Teccamr
673 1476 770 1541 rediit
787 1490 896 1543 tamen
916 1490 1059 1542 extremo
1074 1477 1139 1542 boc
1154 1498 1217 1543 an-

146 1580 208 1651 'no
235 1585 276 1649 ad
297 1585 415 1674 studia,
445 1590 480 1650 in
499 1585 711 1673 stipendium,
740 1588 827 1673 cujus
847 1587 1009 1674 Repetens
1030 1589 1218 1652 constitutus

163 1707 225 1781 est,
253 1697 409 1780 assignato
434 1696 496 1781 ipsi
514 1715 615 1781 penso
635 1692 818 1759 Hebraicae
836 1695 972 1784 linguae.
1014 1697 1111 1762 Hanc
1131 1718 1216 1785 qno-

82 1785 86 1791 ’
163 1825 225 1890 que
250 1823 316 1888 seq.
335 1823 421 1867 anno
440 1802 594 1888 privatim
614 1799 721 1865 docuit
745 1804 781 1866 in
800 1805 929 1872 aedibus
949 1805 1135 1895 Christoph.
1151 1806 1217 1872 'Be-

162 1916 260 2005 soldi,
281 1938 378 2004 quem
399 1928 431 1980 et
449 1915 579 2004 posthae
597 1904 755 1980 fautorem
774 1912 899 2002 habuit,
920 1926 952 1979 et
966 1936 1135 2003 nunquam
1148 1934 1216 1981 non

160 2024 440 2092 observantissime
464 2023 571 2089 coluit.
623 2014 777 2111 Ejusdem
801 2034 895 2092 suasu
920 2024 1018 2090 edidit
1032 2018 1107 2089 'hoc
1131 2046 1216 2091 anno

161 2116 404 2221 grammaticam
423 2153 516 2197 suam
535 2131 643 2218 hebr„
665 2135 752 2220 cujus
771 2135 933 2221 inscriptio
955 2147 1016 2200 est:
1044 2132 1215 2200 methodus

160 2242 287 2328 linguae
310 2252 451 2326 sanctae,
481 2239 622 2307 breviter
647 2240 860 2328 complectens
880 2246 1043 2325 universa,
1072 2265 1158 2330 quae
1178 2239 1215 2308 ad

160 2349 297 2417 solidam
315 2350 383 2437 ejus
404 2351 620 2436 cognitionem
638 2349 757 2415 faciunt
776 2338 833 2415 etc.
875 2351 967 2424 Libri
984 2357 1127 2418 maxime
1143 2355 1215 2445 rari,

160 2462 197 2526 in
216 2480 298 2548 quo,
325 2471 361 2523 ut
385 2462 421 2524 in
438 2459 634 2547 praefatione
659 2459 788 2548 dicitur,
817 2462 985 2525 methodus
1002 2461 1107 2546 plane
1128 2456 1214 2527 nb'voe

161 2583 226 2657 est,
247 2568 431 2655 exemplum
450 2589 547 2657 penes
566 2591 621 2632 me
639 2578 738 2655 extat,
759 2590 824 2654 quo
843 2590 918 2633 usus
940 2567 1018 2632 olim
1037 2582 1085 2634 est
1105 2581 1213 2636 auctor

160 2679 246 2767 ipse,
275 2678 331 2764 qui
350 2675 449 2741 fronti
470 2679 536 2764 ejus
558 2698 616 2741 sua
635 2687 735 2740 manu
756 2674 835 2740 haec
854 2675 1034 2764 adscripsit:
1071 2678 1213 2766 „Scripsi

159 2783 244 2874 „hoc
270 2786 470 2851 minorennis
498 2783 611 2850 adhuc.
657 2784 768 2870 Itaque
795 2780 987 2847 beneficium
1010 2790 1213 2854 restitutionis

160 2896 218 2983 „in
241 2896 404 2981 integrum
429 2905 476 2956 est
496 2893 578 2955 mihi
598 2905 777 2979 servatum,
806 2890 905 2955 sicubi
922 2889 1028 2978 lapsus
1047 2892 1141 2958 fuero
1161 2904 1212 2958 aut

159 3004 336 3090 „opinione
362 3022 436 3065 mea
463 2997 642 3086 deceptus.“
681 3000 757 3065 Hoc
771 3001 853 3087 'ipso
881 3004 988 3064 statim
1014 3022 1101 3066 anno
1132 3001 1211 3071 1614

161 3107 390 3198 Niirtingensis'
403 3108 558 3173 ecclesiae
582 3107 733 3172 diaconus
758 3102 942 3175 constitutus
962 3120 1023 3177 est:
1059 3111 1116 3176 sed
1138 3111 1210 3176 diu-

160 3225 257 3283 tunsa
272 3215 359 3282 haud
379 3229 446 3282 erat
465 3215 543 3281 haec
562 3219 666 3282 statio.
705 3206 834 3282 Etenim
849 3211 1147 3308 cum'Beringerus,
1168 3220 1208 3286 ob

160 3304 319 3390 adflictam
350 3325 586 3413 ualetudinem,
624 3326 752 3391 muneri
785 3315 1001 3392 docendarum
1032 3327 1208 3393 litterarum

160 3430 381 3498 hebraicarum
397 3455 511 3500 vacare
526 3455 595 3498 non
614 3433 750 3521 amplius
770 3445 892 3522 posset,
912 3439 1021 3503 visum
1040 3447 1104 3524 est,
1124 3457 1206 3502 anno

165 3543 248 3615 1618
266 3537 366 3602 alium
387 3542 423 3604 in
443 3543 510 3627 ejus
527 3540 637 3605 locum
655 3540 850 3608 substituere.
889 3539 1144 3615 commendatus
1164 3556 1207 3612 est

160 3645 291 3714 Senatui
311 3646 350 3711 ab
371 3647 608 3739 Hafenreffero,
639 3647 851 3738 cancellario,
878 3664 1002 3739 praeter
1022 3653 1101 3719 alios
1120 3677 1205 3721 non-

159 3746 265 3822 nullos
285 3753 508 3846 Schickardus,
524 3762 597 3844 ·qui
620 3771 749 3847 rogatus
771 3763 915 3844 primum
939 3759 1107 3830 haesitavit
1133 3766 1204 3852 qui-

161 3854 237 3927 dem
264 3862 424 3929 discedere
447 3889 486 3930 ex
511 3868 687 3932 ministerio
707 3867 928 3955 ecclesiastico,
958 3881 1032 3955 post
1050 3892 1131 3936 vero
1149 3893 1202 3936 re-

160 3975 243 4060 cepit
261 3970 401 4041 oblatam
418 3973 479 4041 sibi
497 3979 713 4066 provinciam,
740 3990 771 4046 et
788 3976 971 4068 Tubingam
991 3999 1067 4045 oum
1084 3978 1203 4046 familia
