2776 5124
319 452 373 519 Dr
387 450 622 522 Trrooaaram
638 458 786 530 Trunca
802 461 1056 532 Contrarrruor.
1148 478 1208 537 227

162 619 260 711 Saido
280 617 508 707 lbrahimoque
530 624 580 707 jus
599 639 631 693 et
650 639 786 714 potestas
805 629 951 694 tribuitur
963 610 1137 697 lofficinam
1154 647 1211 722 ty-

163 731 392 820 pographicam
405 733 603 821 instituendi,
624 748 717 824 atque
731 736 845 824 libros,
864 759 947 823 quos
959 737 1092 828 veilent,
1113 763 1210 826 prae-

163 852 213 905 ter
233 845 418 930 canonicos,
438 864 549 909 omnes
570 843 759 910 excudendis
781 848 953 918 constitutis
965 848 1062 911 simul
1077 862 1211 934 quatuor

163 955 242 1020 viris
268 956 419 1043 gravibus
443 968 539 1042 atque
566 957 602 1019 in
629 953 779 1041 dignitate
805 955 929 1040 positis,
960 954 1015 1039 qui
1041 974 1211 1020 censorum

164 1061 271 1127 officio
294 1063 516 1153 fungerentur,
549 1077 643 1150 atque
667 1075 703 1125 ut
719 1061 792 1126 libri
808 1083 909 1146 ¹quam
926 1062 1099 1125 castissime
1110 1074 1214 1149 ‘atque

163 1169 419 1237 emendatissime
438 1172 618 1259 prodirent,
646 1169 755 1234 sedulo
774 1181 932 1233 curarent.
979 1167 1142 1256 'Scriptum
1164 1187 1214 1238 est

163 1274 227 1342 hoc
251 1276 415 1346 'decretum
439 1281 644 1368 Imperatoris
671 1279 713 1344 ad
739 1278 878 1343 diemV
897 1277 967 1342 Jul.
991 1285 1082 1346 1727.
1101 1278 1215 1344 habet·
1318 1337 1321 1344 ,

162 1407 228 1472 que
245 1403 373 1474 praeter
391 1389 454 1454 'alia
473 1383 695 1454 memorabilia
715 1392 811 1450 etiarn
829 1385 908 1474 hoc,
935 1386 1021 1473 quod
1039 1389 1216 1481 gratuletur

164 1494 228 1560 sibi
248 1495 408 1586 Sullanus,
436 1497 534 1562 talem
558 1520 630 1562 rem
653 1501 688 1563 in
711 1504 759 1565 sui
777 1502 870 1586 regni
888 1511 1034 1583 tempora
1052 1497 1216 1588 incidam,

162 1603 383 1692 ‘significetque
400 1589 493 1690 ‘sper'n
515 1620 650 1694 certam,
678 1605 765 1693 fore,
792 1601 832 1670 ut‘
848 1619 879 1669 et
897 1610 954 1691 qui
972 1618 1047 1668 tunc
1065 1611 1215 1673 viverent

166 1710 313 1779 homines
342 1727 374 1777 et
400 1716 519 1799 posteri
549 1735 609 1799 pro
639 1727 767 1801 accepto
795 1719 884 1779 tanto
916 1711 1071 1778 beneficio
1100 1720 1236 1802 gratias¹

164 1821 227 1907 ipsi
252 1820 406 1909 habeant,
434 1844 471 1886 ac
493 1823 593 1887 fausta
615 1827 732 1888 omnia·
743 1836 920 1909 precentur.
964 1822 1110 1888 Instituta
1128 1846 1216 1890 nunc

164 1943 215 1994 ‘est
239 1929 358 2017 'absque
382 1955 495 2019 mora,
521 1929 607 1995 haud
629 1937 779 2020 exiguam
802 1945 968 1996 sumtuum
992 1944 1118 2016 partem
1136 1933 1217 1997 sub-

163 2040 368 2104 ministrante
394 2046 515 2106 aerario
539 2041 686 2128 publico,
718 2038 846 2104 officina
870 2039 1115 2128 typographica,
1146 2041 1217 2106 for-

168 2148 265 2213 muIIs
285 2172 368 2238 non,
395 2163 431 2215 ut
451 2150 581 2236 quidam
597 2150 786 2234 perhibent,
804 2172 854 2212 xex
874 2148 998 2212 Lutetia
1013 2151 1134 2236 petitis,
1160 2148 1218 2215 sed

166 2256 261 2319 dorni
285 2280 375 2323 novo
402 2258 497 2345 plane
524 2277 601 2322 ausu
629 2259 705 2322 susis
729 2256 897 2343 factisque,
927 2268 1021 2343 atque
1039 2259 1147 2322 omnis
1164 2278 1218 2324 res

168 2366 214 2427 ita
238 2363 369 2429 feliciter
385 2378 529 2451 peracta,
557 2376 592 2427 ut
607 2365 748 2430 'secundo
767 2370 834 2451 jam
853 2387 938 2429 anno
957 2369 1102 2452 primum
1122 2384 1219 2453 opus,
1275 2398 1277 2402 ⁴

168 2492 275 2558 neque
299 2473 334 2536 id
363 2478 493 2561 exiguae
520 2472 632 2563 molis,
657 2475 841 2540 absolutum
861 2486 961 2560 esset,
990 2476 1088 2560 inque
1111 2473 1218 2551 lucem
1316 2456 1318 2461 ⁵

168 2584 331 2673 publicam
348 2582 502 2672 prodiret.

253 2693 406 2759 Prodiere
435 2697 519 2758 intra
545 2690 786 2780 quatuordecim
814 2710 915 2783 annos
942 2713 1040 2779 opera
1064 2690 1219 2780 sedecim,

170 2821 311 2893 quorum
334 2800 417 2872 tituli
440 2816 643 2868 recensentur
665 2809 700 2867 in
722 2804 847 2890 egregia
866 2803 1135 2864 commentatione
1151 2800 1221 2864 ‘Je-

141 2915 145 2927 “
172 2910 287 2977 nischii
303 2909 346 2975 de
364 2911 434 2974 latis
453 2910 635 2996 linguarum
649 2910 868 2996 orientalium,
896 2906 1038 2971 arabicae
1051 2910 1218 2995 nimirum,

171 3020 313 3106 persicae
337 3031 373 3083 et
397 3007 546 3104 tur-cicae,
573 3015 715 3104 'praefixa
739 3040 845 3084 novae
866 3015 995 3078 editioni
1015 3013 1124 3077 Lexici
1142 3014 1219 3078 Me-

170 3127 345 3215 ninskiani,
371 3149 451 3214 quae
470 3128 618 3190 Viennae
637 3125 766 3212 prodire
787 3129 889 3210 coepit
904 3142 992 3186 anno
1016 3125 1104 3188 1780.
1146 3120 1220 3184 Ini-
1277 3112 1278 3117 ¹

172 3239 254 3299 tium
279 3227 398 3298 facturn
421 3257 440 3298 a
461 3233 645 3300 dictionario
670 3234 946 3315 arabico-turcico
966 3226 1103 3294 duorum
1122 3228 1221 3297 volu-

174 3348 317 3428 minum,
346 3333 418 3431 fot,
445 3347 495 3407 cui
513 3345 651 3430 pretium
669 3342 795 3428 publica
812 3343 995 3439 auctoritate
1015 3335 1220 3412 constitutum
1308 3402 1310 3409 ,

175 3462 223 3514 est
241 3452 368 3537 triginta
382 3458 521 3540 quinque
534 3453 744 3539 plastorum,
769 3449 803 3516 h.
817 3470 847 3514 e.
866 3446 1071 3534 quadraginta
1086 3457 1117 3508 et
1132 3443 1220 3530 quod

177 3565 315 3624 excurrit
341 3559 550 3629 florenorum.
599 3563 670 3660 Est
682 3565 743 3624 hoc
771 3558 1048 3623 celebratissimum
1075 3553 1154 3618 illud
1182 3572 1225 3616 ac

177 3671 368 3750 primarium
388 3671 530 3736 arabicae
543 3673 669 3759 linguae
685 3669 908 3732 dictionarium
922 3661 1125 3748 anaubario
1140 3681 1223 3724 con-

176 3775 314 3864 fectum,
343 3800 444 3864 equo
471 3801 564 3844 suum
586 3780 711 3843 lexicon
736 3774 1027 3840 arabico-latinum
1047 3773 1224 3832 maximam

96 3902 99 3907 ’
179 3896 306 3969 partem
335 3886 493 3956 derivavit
519 3889 576 3956 Jo.
598 3869 718 3952 Golius.
776 3883 818 3946 Et
842 3877 1118 3970 quemadmodum
1144 3873 1225 3960 hoc,

180 4009 247 4077 quo
272 4014 333 4060 nos
358 4001 406 4061 uti
429 3998 581 4083 solemus,
612 4016 693 4082 opus
713 4013 833 4062 nomen
852 4015 872 4058 a
890 3991 989 4058 'Golio
1008 3983 1115 4066 habet,
1146 3976 1227 4040 dicl‘

943 4109 1020 4175 15*
