2776 5124
487 438 566 510 Rus
586 414 885 514 Tnirncnucrs.
979 476 983 491 ·
1007 433 1016 499 ‘.
1192 450 1230 515 57

201 638 205 647 =
264 602 418 671 Proximo
438 609 547 669 tamen
566 604 1230 696 auno*)-consiliumlccpitMunancnruon

173 714 313 784 videndi
330 713 465 802 patriam
485 727 579 799 atque
599 717 696 777 etlam
711 714 906 804 Tuhingam.
948 717 1116 784 Praemisit
1126 720 1230 784 hone-

175 827 352 890 stissimum
371 846 465 892 suum
484 823 641 888 famulum
659 823 740 891 Jon.
760 825 866 912 Kocn,
886 837 918 888 et
930 828 1036 911 ipsum
1049 825 1228 896 Wiirtem-

176 930 377 1020 bergensem,
389 930 543 997 ‘Ilsfeldae
563 944 685 1019 natum,
706 937 761 1018 qui
781 931 933 998 derebus
954 933 1103 999 omnibus
1118 949 1149 998 et
1160 935 1227 1001 dis-'

178 1043 297 1126 piceret
315 1045 392 1126 ipse,
413 1054 445 1104 et
462 1039 488 1103 J
489 1060 663 1133 oaonrnurc
684 1040 911 1106 Cauunaurun
926 1045 1066 1105 max-ime
1081 1065 1229 1127 praesens

148 1212 151 1217 ,
178 1149 370 1234 consuleret,
401 1159 436 1211 ut
471 1147 570 1210 redux
598 1153 768 1214 certissime
799 1148 841 1212 ad
870 1171 945 1212 eum
970 1148 1087 1237 referre
1113 1165 1228 1236 posset.

179 1254 250 1342 Ipse
269 1255 517 1322 Mnmucnmon
543 1254 584 1319 ob
612 1257 821 1344 multiplicem
840 1276 968 1319 moram
987 1277 1073 1321 anno
1095 1257 1227 1323 demum

179 1362 267 1430 1536.
285 1367 346 1428 iter
364 1367 533 1450 ingressus,
554 1385 629 1426 cum
650 1363 830 1450 Mylicbio‚
860 1363 980 1449 collega
1005 1368 1226 1450 conjunctissi-

147 1518 149 1530 .
180 1491 241 1558 mo,
262 1470 458 1558 Friburgum
476 1470 689 1558 Brisgoicum,
715 1469 772 1532 ubi
789 1483 882 1534 natus
904 1483 982 1556 erat,
1008 1471 1142 1560 aditum,
1168 1496 1225 1559 per

180 1576 420 1644 Francofurtum
453 1591 485 1644 et
512 1578 658 1669 Brettam
694 1581 842 1664 pervenit
874 1577 1057 1664 Tubingam
1089 1580 1141 1643 die
1171 1589 1225 1660 24.

180 1685 379 1773 Septembris.
420 1687 521 1751 Venit
540 1699 647 1750 autem
669 1706 872 1772 nequaquam
897 1686 952 1752 vel
976 1701 1143 1753 revocatus
1170 1690 1224 1756 vel

179 1799 297 1882 missus,
318 1795 373 1862 sed
392 1798 482 1865 venit
501 1798 602 1858 animi
622 1815 732 1880 causa,
753 1797 880 1880 privato
908 1796 1054 1882 consilio,
1082 1800 1223 1860 maxime

179 1916 208 1967 ut
226 1904 349 1971 videret
369 1906 662 1990 conjunctissimrun
683 1902 1044 1989 desideratissimumque
1071 1907 1221 1988 amicum,

179 2009 291 2078 Joucn.
311 2012 550 2098 Ciunnamurr,
572 2012 659 2096 cujus
679 2002 776 2076 etiam
795 2015 888 2075 unius
907 2010 1043 2097 hospitio
1063 2025 1094 2077 et
1113 2017 1221 2099 quoti-

178 2118 265 2185 diano
286 2142 435 2186 sermone
453 2141 527 2191 usus
547 2118 599 2183 hic
619 2131 665 2183 est
683 2141 742 2206 per
761 2131 824 2182 tres
843 2122 1045 2204 septimanas.

251 2232 422 2319 Pergratus
443 2229 574 2317 quidem
592 2230 652 2292 tuit
671 2229 951 2294 Mumrcnrnorrs
973 2230 1127 2297 adventus
1149 2255 1217 2298 non

176 2335 337 2426 Tubingae
356 2350 491 2426 tantum,
519 2339 575 2402 sed
596 2341 693 2401 etiam
713 2335 915 2424 Stuttgartiae
939 2321 1033 2424 atque
1057 2339 1137 2411 adeo
1155 2345 1219 2427 ipsi

172 2450 313 2533 principi,
333 2446 421 2533 qnod
440 2444 603 2514 videretur
629 2462 720 2531 spem
744 2445 846 2510 facere
873 2446 1082 2531 recuperandi
1108 2453 1217 2514 eximii

172 2558 239 2642 viri,
261 2567 293 2618 et
312 2568 464 2641 perpetuo
485 2554 644 2631 servandi.
686 2553 727 2618 Et
745 2551 934 2638 sIgnificavit
953 2559 1048 2619 etiam
1061 2557 1213 2642 Princeps

170 2659 339 2727 clementer
367 2684 458 2727 suam
487 2664 696 2731 voluntatem.
755 2661 819 2727 Sed
846 2676 953 2749 aperte
980 2664 1137 2727 confessus
1167 2677 1212 2729 est

125 2820 127 2824 Α
167 2766 414 2838 Murnncnrnou
435 2775 602 2838 consilium
623 2795 717 2838 suum
736 2769 874 2836 scribens
887 2771 928 2832 ad
942 2769 1210 2856 Enn.Snnrr1un,

166 2877 259 2942 malle
279 2900 314 2943 se
334 2879 463 2964 quidem
484 2881 651 2968 Tubinga'e
671 2883 754 2969 apud
774 2881 983 2944 Joachimum
1002 2902 1096 2944 suum
1112 2901 1209 2964 quam

163 2983 237 3047 alibi
257 2990 392 3075 vivere,
412 2988 554 3053 sednon
574 2991 699 3076 videre,
732 2991 896 3076 quomodo
921 2996 1019 3077 possit
1044 2990 1141 3057 avelli
1168 2988 1208 3051 ab

163 3093 208 3178 iis,
229 3093 417 3179 quibuscum
445 3095 595 3162 hactenus
623 3103 663 3162 sit
687 3112 838 3165 versatus.
886 3096 1038 3162 Ceterum
1064 3096 1208 3159 lubenter

162 3197 304 3264 adhiberi
323 3225 356 3267 se
375 3227 483 3290 passus
503 3222 549 3273 est
569 3208 610 3271 ad
629 3206 805 3294 juvandam
826 3219 858 3270 et
876 3204 1115 3270 informandam
1126 3225 1207 3268 con-

164 3305 236 3372 siliis
256 3316 320 3374 suis
340 3296 629 3401 munitionibusque
650 3339 719 3379 rem
739 3327 882 3379 nostram
899 3314 1124 3378 scholasticam.
1287 3301 1292 3309 ¹

240 3417 405 3485 Profectus
434 3422 547 3487 deinde
577 3424 690 3486 abhinc
717 3422 825 3486 Idibus
854 3421 1001 3488 Octobris
1028 3421 1206 3506 Nurtingae

162 3517 257 3586 haesit
274 3548 333 3610 per
361 3529 481 3615 aliquot
507 3532 572 3595 dies
596 3532 680 3618 apud
705 3531 905 3619 Principem,
934 3554 1008 3594 cum
1031 3531 1102 3594 aula
1128 3544 1205 3594 tunc

162 3625 201 3692 ibi
223 3647 416 3723 versantem,
439 3642 494 3722 qui
515 3640 755 3705 clementissime
774 3662 849 3704 eum
868 3639 977 3702 habuit
996 3653 1028 3703 et
1052 3637 1203 3702 munifice

164 3751 285 3804 centum
304 3749 407 3835 puteis
429 3747 581 3812 donatum
601 3751 730 3835 dimisit,
757 3763 928 3835 postquam
952 3748 1000 3811 illi
1025 3760 1056 3811 et
1079 3768 1202 3813 novam

164 3845 390 3914 ordinationem
408 3855 635 3946 scholasticam,
655 3859 696 3925 ab
716 3859 834 3928 Senatu
854 3861 1033 3928 academico
1052 3862 1200 3946 proposi-

168 3952 544 3986 —-—-..............

192 3998 218 4066 ⁶)
241 4008 317 4066 153⁵.
