<?xml version="1.0" encoding="UTF-8"?>
<!DOCTYPE html PUBLIC "-//W3C//DTD XHTML 1.0 Transitional//EN"
    "http://www.w3.org/TR/xhtml1/DTD/xhtml1-transitional.dtd">
<html xmlns="http://www.w3.org/1999/xhtml" xml:lang="en" lang="en">
 <head>
  <title>
</title>
<meta http-equiv="Content-Type" content="text/html;charset=utf-8" />
  <meta name='ocr-system' content='tesseract 3.04.00' />
  <meta name='ocr-capabilities' content='ocr_page ocr_carea ocr_par ocr_line ocrx_word'/>
</head>
<body>
  <div class='ocr_page' id='page_1' title='image "./dchristianifrid00schngoog_0089.png"; bbox 0 0 2776 5124; ppageno 0'>
   <div class='ocr_carea' id='block_1_1' title="bbox 173 435 885 520">
    <p class='ocr_par' dir='ltr' id='par_1_1' title="bbox 173 435 885 520">
     <span class='ocr_line' id='line_1_1' title="bbox 173 435 885 520; baseline -0.014 -11"><span class='ocrx_word' id='word_1_1' title='bbox 173 456 213 516; x_wconf 74' lang='lat'><strong>82</strong></span> <span class='ocrx_word' id='word_1_2' title='bbox 486 441 540 505; x_wconf 82' lang='lat' dir='ltr'><strong>Dr</strong></span> <span class='ocrx_word' id='word_1_3' title='bbox 560 438 716 505; x_wconf 69' lang='lat' dir='ltr'><strong>trimis</strong></span> <span class='ocrx_word' id='word_1_4' title='bbox 736 435 885 520; x_wconf 74' lang='lat' dir='ltr'><strong>Larcio,</strong></span> 
     </span>
    </p>
   </div>
   <div class='ocr_carea' id='block_1_2' title="bbox 169 595 1222 1016">
    <p class='ocr_par' dir='ltr' id='par_1_2' title="bbox 169 595 1222 1016">
     <span class='ocr_line' id='line_1_2' title="bbox 170 595 1221 685; baseline -0.02 -2"><span class='ocrx_word' id='word_1_5' title='bbox 170 615 309 682; x_wconf 80' lang='lat' dir='ltr'><strong>tissimus</strong></span> <span class='ocrx_word' id='word_1_6' title='bbox 327 609 432 679; x_wconf 83' lang='lat' dir='ltr'><strong>videri</strong></span> <span class='ocrx_word' id='word_1_7' title='bbox 445 605 566 673; x_wconf 86' lang='lat' dir='ltr'><strong>debeat.</strong></span> <span class='ocrx_word' id='word_1_8' title='bbox 608 598 746 668; x_wconf 89' lang='lat' dir='ltr'><strong>Dicendi</strong></span> <span class='ocrx_word' id='word_1_9' title='bbox 763 611 795 664; x_wconf 90' lang='lat' dir='ltr'><strong>et</strong></span> <span class='ocrx_word' id='word_1_10' title='bbox 807 597 1018 685; x_wconf 87' lang='lat' dir='ltr'><strong>persuadendi</strong></span> <span class='ocrx_word' id='word_1_11' title='bbox 1032 598 1103 666; x_wconf 88' lang='lat' dir='ltr'><strong>vim</strong></span> <span class='ocrx_word' id='word_1_12' title='bbox 1115 595 1221 662; x_wconf 86' lang='lat' dir='ltr'><strong>ferunt</strong></span> 
     </span>
     <span class='ocr_line' id='line_1_3' title="bbox 169 707 1222 801; baseline -0.025 -7"><span class='ocrx_word' id='word_1_13' title='bbox 169 733 205 794; x_wconf 89' lang='lat' dir='ltr'><strong>in</strong></span> <span class='ocrx_word' id='word_1_14' title='bbox 229 748 268 791; x_wconf 91' lang='lat' dir='ltr'><strong>eo</strong></span> <span class='ocrx_word' id='word_1_15' title='bbox 292 723 387 786; x_wconf 85' lang='lat' dir='ltr'><strong>fuisse</strong></span> <span class='ocrx_word' id='word_1_16' title='bbox 409 729 548 801; x_wconf 79' lang='lat' dir='ltr'><strong>tantam,</strong></span> <span class='ocrx_word' id='word_1_17' title='bbox 576 731 612 776; x_wconf 90' lang='lat' dir='ltr'><strong>ut</strong></span> <span class='ocrx_word' id='word_1_18' title='bbox 631 709 712 776; x_wconf 89' lang='lat' dir='ltr'><strong>nihil</strong></span> <span class='ocrx_word' id='word_1_19' title='bbox 729 730 798 774; x_wconf 90' lang='lat' dir='ltr'><strong>non</strong></span> <span class='ocrx_word' id='word_1_20' title='bbox 817 713 989 795; x_wconf 89' lang='lat' dir='ltr'><strong>impetrare</strong></span> <span class='ocrx_word' id='word_1_21' title='bbox 1008 707 1048 772; x_wconf 90' lang='lat' dir='ltr'><strong>ab</strong></span> <span class='ocrx_word' id='word_1_22' title='bbox 1069 708 1138 772; x_wconf 91' lang='lat' dir='ltr'><strong>aliis</strong></span> <span class='ocrx_word' id='word_1_23' title='bbox 1158 728 1222 793; x_wconf 87' lang='lat' dir='ltr'><strong>po·</strong></span> 
     </span>
     <span class='ocr_line' id='line_1_4' title="bbox 169 815 1222 910; baseline -0.021 -10"><span class='ocrx_word' id='word_1_24' title='bbox 169 835 274 900; x_wconf 86' lang='lat' dir='ltr'><strong>tuerit.</strong></span> <span class='ocrx_word' id='word_1_25' title='bbox 316 828 426 895; x_wconf 88' lang='lat' dir='ltr'><strong>Semet</strong></span> <span class='ocrx_word' id='word_1_26' title='bbox 447 828 554 910; x_wconf 91' lang='lat' dir='ltr'><strong>ipsum</strong></span> <span class='ocrx_word' id='word_1_27' title='bbox 577 832 684 884; x_wconf 86' lang='lat' dir='ltr'><strong>autern</strong></span> <span class='ocrx_word' id='word_1_28' title='bbox 706 821 748 881; x_wconf 90' lang='lat' dir='ltr'><strong>ita</strong></span> <span class='ocrx_word' id='word_1_29' title='bbox 770 820 806 880; x_wconf 92' lang='lat' dir='ltr'><strong>in</strong></span> <span class='ocrx_word' id='word_1_30' title='bbox 828 829 982 903; x_wconf 80' lang='lat' dir='ltr'><strong>potestate</strong></span> <span class='ocrx_word' id='word_1_31' title='bbox 1004 815 1157 903; x_wconf 87' lang='lat' dir='ltr'><strong>habebat,</strong></span> <span class='ocrx_word' id='word_1_32' title='bbox 1187 827 1222 878; x_wconf 89' lang='lat' dir='ltr'><strong>ut</strong></span> 
     </span>
     <span class='ocr_line' id='line_1_5' title="bbox 169 922 1221 1016; baseline -0.019 -7"><span class='ocrx_word' id='word_1_33' title='bbox 169 946 237 1010; x_wconf 91' lang='lat' dir='ltr'><strong>irae</strong></span> <span class='ocrx_word' id='word_1_34' title='bbox 264 939 318 1007; x_wconf 88' lang='lat' dir='ltr'><strong>vel</strong></span> <span class='ocrx_word' id='word_1_35' title='bbox 346 933 422 999; x_wconf 89' lang='lat' dir='ltr'><strong>odio</strong></span> <span class='ocrx_word' id='word_1_36' title='bbox 448 931 504 1000; x_wconf 86' lang='lat' dir='ltr'><strong>vel</strong></span> <span class='ocrx_word' id='word_1_37' title='bbox 525 928 667 1016; x_wconf 86' lang='lat' dir='ltr'><strong>cupidini</strong></span> <span class='ocrx_word' id='word_1_38' title='bbox 688 925 743 994; x_wconf 85' lang='lat' dir='ltr'><strong>vel</strong></span> <span class='ocrx_word' id='word_1_39' title='bbox 765 927 874 991; x_wconf 88' lang='lat' dir='ltr'><strong>timori</strong></span> <span class='ocrx_word' id='word_1_40' title='bbox 898 927 1008 991; x_wconf 90' lang='lat' dir='ltr'><strong>locum</strong></span> <span class='ocrx_word' id='word_1_41' title='bbox 1033 922 1221 990; x_wconf 80' lang='lat' dir='ltr'>concederet</span> 
     </span>
    </p>
   </div>
   <div class='ocr_carea' id='block_1_3' title="bbox 170 1049 307 1119">
    <p class='ocr_par' dir='ltr' id='par_1_3' title="bbox 170 1049 307 1119">
     <span class='ocr_line' id='line_1_6' title="bbox 170 1049 307 1119; baseline -0.051 0"><span class='ocrx_word' id='word_1_42' title='bbox 170 1049 307 1119; x_wconf 90' lang='lat' dir='ltr'><strong>nullum.</strong></span> 
     </span>
    </p>
   </div>
   <div class='ocr_carea' id='block_1_4' title="bbox 160 1197 1223 4005">
    <p class='ocr_par' dir='ltr' id='par_1_4' title="bbox 160 1197 1223 4005">
     <span class='ocr_line' id='line_1_7' title="bbox 251 1197 1219 1296; baseline -0.006 -29"><span class='ocrx_word' id='word_1_43' title='bbox 251 1209 294 1276; x_wconf 87' lang='lat' dir='ltr'><strong>Et</strong></span> <span class='ocrx_word' id='word_1_44' title='bbox 315 1224 500 1296; x_wconf 80' lang='lat' dir='ltr'><strong>quanqrram</strong></span> <span class='ocrx_word' id='word_1_45' title='bbox 526 1201 594 1266; x_wconf 89' lang='lat' dir='ltr'><strong>aliis</strong></span> <span class='ocrx_word' id='word_1_46' title='bbox 618 1224 653 1267; x_wconf 93' lang='lat' dir='ltr'><strong>se</strong></span> <span class='ocrx_word' id='word_1_47' title='bbox 678 1223 825 1289; x_wconf 90' lang='lat' dir='ltr'><strong>comem,</strong></span> <span class='ocrx_word' id='word_1_48' title='bbox 855 1197 1033 1287; x_wconf 87' lang='lat' dir='ltr'><strong>affabilem,</strong></span> <span class='ocrx_word' id='word_1_49' title='bbox 1059 1197 1219 1264; x_wconf 89' lang='lat' dir='ltr'><strong>urbanum</strong></span> 
     </span>
     <span class='ocr_line' id='line_1_8' title="bbox 166 1307 1221 1409; baseline -0.014 -25"><span class='ocrx_word' id='word_1_50' title='bbox 166 1317 348 1409; x_wconf 88' lang='lat' dir='ltr'><strong>praeberet,</strong></span> <span class='ocrx_word' id='word_1_51' title='bbox 379 1317 465 1379; x_wconf 89' lang='lat' dir='ltr'><strong>mira</strong></span> <span class='ocrx_word' id='word_1_52' title='bbox 489 1325 600 1376; x_wconf 90' lang='lat' dir='ltr'><strong>tamen</strong></span> <span class='ocrx_word' id='word_1_53' title='bbox 623 1315 658 1377; x_wconf 91' lang='lat' dir='ltr'><strong>in</strong></span> <span class='ocrx_word' id='word_1_54' title='bbox 682 1315 749 1398; x_wconf 88' lang='lat' dir='ltr'><strong>ejus</strong></span> <span class='ocrx_word' id='word_1_55' title='bbox 775 1313 885 1383; x_wconf 87' lang='lat' dir='ltr'><strong>animo</strong></span> <span class='ocrx_word' id='word_1_56' title='bbox 909 1311 1084 1374; x_wconf 88' lang='lat' dir='ltr'><strong>constantia</strong></span> <span class='ocrx_word' id='word_1_57' title='bbox 1106 1307 1221 1393; x_wconf 84' lang='lat' dir='ltr'><strong>adfuit,</strong></span> 
     </span>
     <span class='ocr_line' id='line_1_9' title="bbox 166 1415 1220 1518; baseline -0.014 -25"><span class='ocrx_word' id='word_1_58' title='bbox 166 1441 219 1518; x_wconf 91' lang='lat' dir='ltr'><strong>ut,</strong></span> <span class='ocrx_word' id='word_1_59' title='bbox 245 1423 344 1490; x_wconf 88' lang='lat' dir='ltr'><strong>sicubi</strong></span> <span class='ocrx_word' id='word_1_60' title='bbox 369 1444 441 1489; x_wconf 90' lang='lat' dir='ltr'><strong>rem</strong></span> <span class='ocrx_word' id='word_1_61' title='bbox 464 1420 566 1508; x_wconf 88' lang='lat' dir='ltr'>probe</span> <span class='ocrx_word' id='word_1_62' title='bbox 594 1419 799 1485; x_wconf 83' lang='lat' dir='ltr'>deliberatam</span> <span class='ocrx_word' id='word_1_63' title='bbox 817 1417 936 1483; x_wconf 89' lang='lat' dir='ltr'><strong>babere</strong></span> <span class='ocrx_word' id='word_1_64' title='bbox 959 1416 1020 1482; x_wconf 91' lang='lat' dir='ltr'><strong>sibi</strong></span> <span class='ocrx_word' id='word_1_65' title='bbox 1039 1415 1220 1501; x_wconf 87' lang='lat' dir='ltr'><strong>videretur,</strong></span> 
     </span>
     <span class='ocr_line' id='line_1_10' title="bbox 166 1527 1219 1620; baseline -0.011 -18"><span class='ocrx_word' id='word_1_66' title='bbox 166 1559 187 1602; x_wconf 85' lang='lat' dir='ltr'><strong>a</strong></span> <span class='ocrx_word' id='word_1_67' title='bbox 211 1545 352 1620; x_wconf 77' lang='lat' dir='ltr'><strong>aucepto</strong></span> <span class='ocrx_word' id='word_1_68' title='bbox 382 1529 514 1595; x_wconf 92' lang='lat' dir='ltr'><strong>consilio</strong></span> <span class='ocrx_word' id='word_1_69' title='bbox 542 1529 702 1596; x_wconf 85' lang='lat' dir='ltr'><strong>dimoveri</strong></span> <span class='ocrx_word' id='word_1_70' title='bbox 722 1550 756 1593; x_wconf 93' lang='lat' dir='ltr'><strong>se</strong></span> <span class='ocrx_word' id='word_1_71' title='bbox 778 1527 866 1593; x_wconf 91' lang='lat' dir='ltr'><strong>nulla</strong></span> <span class='ocrx_word' id='word_1_72' title='bbox 896 1528 1019 1591; x_wconf 90' lang='lat' dir='ltr'><strong>ratione</strong></span> <span class='ocrx_word' id='word_1_73' title='bbox 1047 1536 1219 1612; x_wconf 87' lang='lat' dir='ltr'><strong>pateretur.</strong></span> 
     </span>
     <span class='ocr_line' id='line_1_11' title="bbox 166 1633 1220 1727; baseline -0.014 -16"><span class='ocrx_word' id='word_1_74' title='bbox 166 1646 241 1712; x_wconf 85' lang='lat' dir='ltr'><strong>Hoc</strong></span> <span class='ocrx_word' id='word_1_75' title='bbox 259 1655 368 1707; x_wconf 90' lang='lat' dir='ltr'><strong>autem</strong></span> <span class='ocrx_word' id='word_1_76' title='bbox 386 1640 473 1727; x_wconf 92' lang='lat' dir='ltr'><strong>quod</strong></span> <span class='ocrx_word' id='word_1_77' title='bbox 489 1651 615 1725; x_wconf 84' lang='lat' dir='ltr'>ceperat</span> <span class='ocrx_word' id='word_1_78' title='bbox 632 1638 801 1702; x_wconf 90' lang='lat' dir='ltr'><strong>consilium</strong></span> <span class='ocrx_word' id='word_1_79' title='bbox 817 1639 861 1700; x_wconf 89' lang='lat' dir='ltr'><strong>ita</strong></span> <span class='ocrx_word' id='word_1_80' title='bbox 877 1633 1123 1723; x_wconf 86' lang='lat' dir='ltr'><strong>persequebatur</strong></span> <span class='ocrx_word' id='word_1_81' title='bbox 1141 1654 1220 1718; x_wconf 88' lang='lat' dir='ltr'><strong>per-</strong></span> 
     </span>
     <span class='ocr_line' id='line_1_12' title="bbox 163 1740 1221 1840; baseline -0.011 -22"><span class='ocrx_word' id='word_1_82' title='bbox 163 1757 323 1840; x_wconf 81' lang='lat' dir='ltr'><strong>tInaciter,</strong></span> <span class='ocrx_word' id='word_1_83' title='bbox 350 1762 387 1814; x_wconf 90' lang='lat' dir='ltr'><strong>ut</strong></span> <span class='ocrx_word' id='word_1_84' title='bbox 408 1747 490 1813; x_wconf 94' lang='lat' dir='ltr'><strong>nibil</strong></span> <span class='ocrx_word' id='word_1_85' title='bbox 513 1746 686 1811; x_wconf 84' lang='lat' dir='ltr'><strong>industriae</strong></span> <span class='ocrx_word' id='word_1_86' title='bbox 704 1747 865 1833; x_wconf 91' lang='lat' dir='ltr'><strong>reliquum</strong></span> <span class='ocrx_word' id='word_1_87' title='bbox 882 1745 999 1808; x_wconf 88' lang='lat' dir='ltr'><strong>faceret</strong></span> <span class='ocrx_word' id='word_1_88' title='bbox 1022 1740 1221 1827; x_wconf 86' lang='lat' dir='ltr'><strong>dubiumque</strong></span> 
     </span>
     <span class='ocr_line' id='line_1_13' title="bbox 164 1848 1223 1948; baseline -0.013 -21"><span class='ocrx_word' id='word_1_89' title='bbox 164 1873 263 1948; x_wconf 88' lang='lat' dir='ltr'><strong>esset,</strong></span> <span class='ocrx_word' id='word_1_90' title='bbox 297 1881 340 1923; x_wconf 87' lang='lat' dir='ltr'><strong>an</strong></span> <span class='ocrx_word' id='word_1_91' title='bbox 360 1857 433 1944; x_wconf 93' lang='lat' dir='ltr'><strong>plus</strong></span> <span class='ocrx_word' id='word_1_92' title='bbox 450 1857 580 1941; x_wconf 86' lang='lat' dir='ltr'><strong>ingenio</strong></span> <span class='ocrx_word' id='word_1_93' title='bbox 606 1855 648 1918; x_wconf 91' lang='lat' dir='ltr'><strong>ad</strong></span> <span class='ocrx_word' id='word_1_94' title='bbox 666 1855 797 1920; x_wconf 88' lang='lat' dir='ltr'><strong>consiIia</strong></span> <span class='ocrx_word' id='word_1_95' title='bbox 819 1874 861 1918; x_wconf 92' lang='lat' dir='ltr'><strong>an</strong></span> <span class='ocrx_word' id='word_1_96' title='bbox 882 1853 923 1917; x_wconf 92' lang='lat' dir='ltr'><strong>ad</strong></span> <span class='ocrx_word' id='word_1_97' title='bbox 942 1848 1149 1917; x_wconf 90' lang='lat' dir='ltr'><strong>efficiendum</strong></span> <span class='ocrx_word' id='word_1_98' title='bbox 1170 1870 1223 1914; x_wconf 93' lang='lat' dir='ltr'><strong>so·</strong></span> 
     </span>
     <span class='ocr_line' id='line_1_14' title="bbox 163 1958 1220 2047; baseline -0.009 -15"><span class='ocrx_word' id='word_1_99' title='bbox 163 1968 255 2034; x_wconf 92' lang='lat' dir='ltr'><strong>lertia</strong></span> <span class='ocrx_word' id='word_1_100' title='bbox 276 1964 406 2033; x_wconf 86' lang='lat' dir='ltr'><strong>valeret.</strong></span> <span class='ocrx_word' id='word_1_101' title='bbox 436 1958 675 2029; x_wconf 87' lang='lat' dir='ltr'><strong>Beneficiorum</strong></span> <span class='ocrx_word' id='word_1_102' title='bbox 691 1975 722 2028; x_wconf 94' lang='lat' dir='ltr'><strong>et</strong></span> <span class='ocrx_word' id='word_1_103' title='bbox 737 1963 899 2028; x_wconf 88' lang='lat' dir='ltr'><strong>redituum</strong></span> <span class='ocrx_word' id='word_1_104' title='bbox 912 1973 980 2037; x_wconf 83' lang='lat' dir='ltr'><strong>erat</strong></span> <span class='ocrx_word' id='word_1_105' title='bbox 990 1959 1122 2047; x_wconf 91' lang='lat' dir='ltr'><strong>quidem</strong></span> <span class='ocrx_word' id='word_1_106' title='bbox 1134 1962 1220 2046; x_wconf 88' lang='lat' dir='ltr'><strong>justo</strong></span> 
     </span>
     <span class='ocr_line' id='line_1_15' title="bbox 164 2065 1220 2164; baseline -0.009 -23"><span class='ocrx_word' id='word_1_107' title='bbox 164 2079 381 2164; x_wconf 79' lang='lat' dir='ltr'><strong>appetentior,</strong></span> <span class='ocrx_word' id='word_1_108' title='bbox 408 2084 445 2138; x_wconf 92' lang='lat' dir='ltr'><strong>ut</strong></span> <span class='ocrx_word' id='word_1_109' title='bbox 463 2071 702 2136; x_wconf 82' lang='lat' dir='ltr'><strong>Maximilianus</strong></span> <span class='ocrx_word' id='word_1_110' title='bbox 719 2075 896 2156; x_wconf 89' lang='lat' dir='ltr'><strong>imperator</strong></span> <span class='ocrx_word' id='word_1_111' title='bbox 921 2070 1021 2134; x_wconf 86' lang='lat' dir='ltr'><strong>facete</strong></span> <span class='ocrx_word' id='word_1_112' title='bbox 1046 2065 1220 2153; x_wconf 88' lang='lat' dir='ltr'><strong>aliquando</strong></span> 
     </span>
     <span class='ocr_line' id='line_1_16' title="bbox 163 2175 1222 2272; baseline -0.008 -24"><span class='ocrx_word' id='word_1_113' title='bbox 163 2186 402 2272; x_wconf 81' lang='lat' dir='ltr'><strong>pronunciaret:</strong></span> <span class='ocrx_word' id='word_1_114' title='bbox 433 2180 511 2244; x_wconf 92' lang='lat' dir='ltr'><strong>duos</strong></span> <span class='ocrx_word' id='word_1_115' title='bbox 533 2180 594 2244; x_wconf 90' lang='lat' dir='ltr'><strong>sibi</strong></span> <span class='ocrx_word' id='word_1_116' title='bbox 617 2180 795 2267; x_wconf 89' lang='lat' dir='ltr'><strong>capellanos</strong></span> <span class='ocrx_word' id='word_1_117' title='bbox 818 2201 899 2266; x_wconf 90' lang='lat' dir='ltr'><strong>esse,</strong></span> <span class='ocrx_word' id='word_1_118' title='bbox 926 2200 1031 2242; x_wconf 92' lang='lat' dir='ltr'><strong>unum</strong></span> <span class='ocrx_word' id='word_1_119' title='bbox 1055 2175 1222 2260; x_wconf 84' lang='lat' dir='ltr'><strong>(Leonat-</strong></span> 
     </span>
     <span class='ocr_line' id='line_1_17' title="bbox 164 2287 1221 2379; baseline -0.007 -24"><span class='ocrx_word' id='word_1_120' title='bbox 164 2293 243 2355; x_wconf 91' lang='lat' dir='ltr'><strong>dum</strong></span> <span class='ocrx_word' id='word_1_121' title='bbox 261 2290 533 2376; x_wconf 90' lang='lat' dir='ltr'><strong>archiepiscopum</strong></span> <span class='ocrx_word' id='word_1_122' title='bbox 549 2287 819 2379; x_wconf 78' lang='lat' dir='ltr'><strong>salisburgensem</strong></span> <span class='ocrx_word' id='word_1_123' title='bbox 838 2289 998 2378; x_wconf 90' lang='lat' dir='ltr'><strong>putabat),</strong></span> <span class='ocrx_word' id='word_1_124' title='bbox 1022 2307 1120 2373; x_wconf 90' lang='lat' dir='ltr'><strong>quem</strong></span> <span class='ocrx_word' id='word_1_125' title='bbox 1138 2306 1221 2352; x_wconf 89' lang='lat' dir='ltr'><strong>eva-</strong></span> 
     </span>
     <span class='ocr_line' id='line_1_18' title="bbox 164 2397 1221 2486; baseline -0.005 -23"><span class='ocrx_word' id='word_1_126' title='bbox 164 2422 257 2464; x_wconf 86' lang='lat' dir='ltr'><strong>cuare</strong></span> <span class='ocrx_word' id='word_1_127' title='bbox 280 2420 348 2462; x_wconf 91' lang='lat' dir='ltr'><strong>non</strong></span> <span class='ocrx_word' id='word_1_128' title='bbox 367 2410 490 2484; x_wconf 83' lang='lat' dir='ltr'><strong>posset,</strong></span> <span class='ocrx_word' id='word_1_129' title='bbox 518 2397 656 2461; x_wconf 90' lang='lat' dir='ltr'><strong>alterum</strong></span> <span class='ocrx_word' id='word_1_130' title='bbox 679 2399 873 2486; x_wconf 87' lang='lat' dir='ltr'><strong>(Langium)</strong></span> <span class='ocrx_word' id='word_1_131' title='bbox 899 2419 998 2484; x_wconf 90' lang='lat' dir='ltr'><strong>quem</strong></span> <span class='ocrx_word' id='word_1_132' title='bbox 1019 2416 1088 2461; x_wconf 90' lang='lat' dir='ltr'><strong>non</strong></span> <span class='ocrx_word' id='word_1_133' title='bbox 1114 2402 1221 2481; x_wconf 82' lang='lat' dir='ltr'><strong>posset</strong></span> 
     </span>
     <span class='ocr_line' id='line_1_19' title="bbox 165 2503 1220 2594; baseline -0.006 -22"><span class='ocrx_word' id='word_1_134' title='bbox 165 2511 324 2572; x_wconf 85' lang='lat' dir='ltr'><strong>exsatiare.</strong></span> <span class='ocrx_word' id='word_1_135' title='bbox 367 2503 431 2571; x_wconf 90' lang='lat' dir='ltr'><strong>Sed</strong></span> <span class='ocrx_word' id='word_1_136' title='bbox 449 2518 516 2570; x_wconf 90' lang='lat' dir='ltr'><strong>erat</strong></span> <span class='ocrx_word' id='word_1_137' title='bbox 531 2507 618 2570; x_wconf 92' lang='lat' dir='ltr'><strong>idem</strong></span> <span class='ocrx_word' id='word_1_138' title='bbox 633 2529 770 2594; x_wconf 88' lang='lat' dir='ltr'><strong>quoque,</strong></span> <span class='ocrx_word' id='word_1_139' title='bbox 785 2512 812 2571; x_wconf 90' lang='lat' dir='ltr'><strong>si</strong></span> <span class='ocrx_word' id='word_1_140' title='bbox 829 2510 899 2594; x_wconf 91' lang='lat' dir='ltr'><strong>quis</strong></span> <span class='ocrx_word' id='word_1_141' title='bbox 919 2507 1010 2592; x_wconf 89' lang='lat' dir='ltr'><strong>alius,</strong></span> <span class='ocrx_word' id='word_1_142' title='bbox 1031 2504 1071 2569; x_wconf 88' lang='lat' dir='ltr'><strong>ab</strong></span> <span class='ocrx_word' id='word_1_143' title='bbox 1086 2508 1220 2571; x_wconf 86' lang='lat' dir='ltr'><strong>avaritia</strong></span> 
     </span>
     <span class='ocr_line' id='line_1_20' title="bbox 165 2615 1220 2701; baseline -0.004 -21"><span class='ocrx_word' id='word_1_144' title='bbox 165 2617 391 2701; x_wconf 81' lang='lat' dir='ltr'><strong>alienissimus,</strong></span> <span class='ocrx_word' id='word_1_145' title='bbox 425 2627 535 2679; x_wconf 87' lang='lat' dir='ltr'><strong>contra</strong></span> <span class='ocrx_word' id='word_1_146' title='bbox 556 2638 636 2682; x_wconf 87' lang='lat' dir='ltr'><strong>vero</strong></span> <span class='ocrx_word' id='word_1_147' title='bbox 653 2615 829 2680; x_wconf 89' lang='lat' dir='ltr'><strong>admodum</strong></span> <span class='ocrx_word' id='word_1_148' title='bbox 843 2628 1024 2681; x_wconf 85' lang='lat' dir='ltr'><strong>sumtuosus</strong></span> <span class='ocrx_word' id='word_1_149' title='bbox 1040 2627 1071 2677; x_wconf 90' lang='lat' dir='ltr'><strong>et</strong></span> <span class='ocrx_word' id='word_1_150' title='bbox 1089 2617 1220 2701; x_wconf 91' lang='lat' dir='ltr'><strong>magni-</strong></span> 
     </span>
     <span class='ocr_line' id='line_1_21' title="bbox 162 2721 1220 2811; baseline -0.003 -23"><span class='ocrx_word' id='word_1_151' title='bbox 162 2721 254 2811; x_wconf 84' lang='lat' dir='ltr'><strong>ficus,</strong></span> <span class='ocrx_word' id='word_1_152' title='bbox 283 2727 410 2810; x_wconf 91' lang='lat' dir='ltr'><strong>pompis</strong></span> <span class='ocrx_word' id='word_1_153' title='bbox 431 2736 526 2808; x_wconf 89' lang='lat' dir='ltr'><strong>atque</strong></span> <span class='ocrx_word' id='word_1_154' title='bbox 547 2724 866 2790; x_wconf 88' lang='lat' dir='ltr'><strong>ostentationibus-</strong></span> <span class='ocrx_word' id='word_1_155' title='bbox 886 2738 922 2788; x_wconf 92' lang='lat' dir='ltr'><strong>ut</strong></span> <span class='ocrx_word' id='word_1_156' title='bbox 939 2724 1005 2788; x_wconf 87' lang='lat' dir='ltr'><strong>fere</strong></span> <span class='ocrx_word' id='word_1_157' title='bbox 1025 2722 1146 2786; x_wconf 87' lang='lat' dir='ltr'><strong>faciunt</strong></span> <span class='ocrx_word' id='word_1_158' title='bbox 1164 2727 1220 2808; x_wconf 92' lang='lat' dir='ltr'><strong>qui</strong></span> 
     </span>
     <span class='ocr_line' id='line_1_22' title="bbox 162 2829 1219 2921; baseline 0 -26"><span class='ocrx_word' id='word_1_159' title='bbox 162 2831 202 2895; x_wconf 90' lang='lat' dir='ltr'><strong>ab</strong></span> <span class='ocrx_word' id='word_1_160' title='bbox 221 2836 295 2896; x_wconf 90' lang='lat' dir='ltr'><strong>imis</strong></span> <span class='ocrx_word' id='word_1_161' title='bbox 315 2833 356 2895; x_wconf 90' lang='lat' dir='ltr'><strong>ad</strong></span> <span class='ocrx_word' id='word_1_162' title='bbox 378 2853 507 2895; x_wconf 90' lang='lat' dir='ltr'><strong>summa</strong></span> <span class='ocrx_word' id='word_1_163' title='bbox 528 2833 797 2897; x_wconf 89' lang='lat' dir='ltr'><strong>escenderunt-</strong></span> <span class='ocrx_word' id='word_1_164' title='bbox 816 2834 996 2921; x_wconf 89' lang='lat' dir='ltr'><strong>plurimum</strong></span> <span class='ocrx_word' id='word_1_165' title='bbox 1016 2829 1139 2896; x_wconf 89' lang='lat' dir='ltr'><strong>solebat</strong></span> <span class='ocrx_word' id='word_1_166' title='bbox 1159 2835 1219 2895; x_wconf 91' lang='lat' dir='ltr'><strong>tri-</strong></span> 
     </span>
     <span class='ocr_line' id='line_1_23' title="bbox 160 2939 1219 3030; baseline 0 -26"><span class='ocrx_word' id='word_1_167' title='bbox 160 2939 275 3005; x_wconf 86' lang='lat' dir='ltr'><strong>buere:</strong></span> <span class='ocrx_word' id='word_1_168' title='bbox 305 2963 369 3027; x_wconf 92' lang='lat' dir='ltr'><strong>quo</strong></span> <span class='ocrx_word' id='word_1_169' title='bbox 388 2943 517 3028; x_wconf 82' lang='lat' dir='ltr'><strong>factum,</strong></span> <span class='ocrx_word' id='word_1_170' title='bbox 534 2957 581 3030; x_wconf 91' lang='lat' dir='ltr'><strong>ut,</strong></span> <span class='ocrx_word' id='word_1_171' title='bbox 604 2947 727 3029; x_wconf 90' lang='lat' dir='ltr'><strong>quoties</strong></span> <span class='ocrx_word' id='word_1_172' title='bbox 746 2964 879 3029; x_wconf 82' lang='lat' dir='ltr'><strong>peregre</strong></span> <span class='ocrx_word' id='word_1_173' title='bbox 897 2941 1085 3030; x_wconf 87' lang='lat' dir='ltr'><strong>advenisset,</strong></span> <span class='ocrx_word' id='word_1_174' title='bbox 1102 2944 1219 3029; x_wconf 90' lang='lat' dir='ltr'><strong>ingen-</strong></span> 
     </span>
     <span class='ocr_line' id='line_1_24' title="bbox 161 3049 1219 3135; baseline 0.001 -22"><span class='ocrx_word' id='word_1_175' title='bbox 161 3049 244 3114; x_wconf 86' lang='lat' dir='ltr'><strong>tibus</strong></span> <span class='ocrx_word' id='word_1_176' title='bbox 268 3049 439 3113; x_wconf 90' lang='lat' dir='ltr'><strong>hominum</strong></span> <span class='ocrx_word' id='word_1_177' title='bbox 456 3054 659 3115; x_wconf 90' lang='lat' dir='ltr'><strong>concursibus</strong></span> <span class='ocrx_word' id='word_1_178' title='bbox 682 3063 714 3114; x_wconf 88' lang='lat' dir='ltr'><strong>et</strong></span> <span class='ocrx_word' id='word_1_179' title='bbox 728 3052 862 3116; x_wconf 90' lang='lat' dir='ltr'><strong>insolitis</strong></span> <span class='ocrx_word' id='word_1_180' title='bbox 883 3051 996 3115; x_wconf 91' lang='lat' dir='ltr'><strong>officiis</strong></span> <span class='ocrx_word' id='word_1_181' title='bbox 1012 3054 1219 3135; x_wconf 77' lang='lat' dir='ltr'><strong>echperetur.</strong></span> 
     </span>
     <span class='ocr_line' id='line_1_25' title="bbox 161 3157 1219 3248; baseline 0 -26"><span class='ocrx_word' id='word_1_182' title='bbox 161 3158 280 3223; x_wconf 88' lang='lat' dir='ltr'><strong>Arcem</strong></span> <span class='ocrx_word' id='word_1_183' title='bbox 300 3159 533 3247; x_wconf 86' lang='lat' dir='ltr'><strong>Wellenburg,</strong></span> <span class='ocrx_word' id='word_1_184' title='bbox 564 3173 734 3248; x_wconf 88' lang='lat' dir='ltr'><strong>postquam</strong></span> <span class='ocrx_word' id='word_1_185' title='bbox 759 3163 819 3225; x_wconf 89' lang='lat' dir='ltr'><strong>situ</strong></span> <span class='ocrx_word' id='word_1_186' title='bbox 844 3172 875 3224; x_wconf 89' lang='lat' dir='ltr'><strong>et</strong></span> <span class='ocrx_word' id='word_1_187' title='bbox 894 3162 994 3224; x_wconf 90' lang='lat' dir='ltr'><strong>ruinis</strong></span> <span class='ocrx_word' id='word_1_188' title='bbox 1019 3157 1219 3244; x_wconf 86' lang='lat' dir='ltr'><strong>squalentem</strong></span> 
     </span>
     <span class='ocr_line' id='line_1_26' title="bbox 161 3267 1218 3357; baseline -0.002 -27"><span class='ocrx_word' id='word_1_189' title='bbox 161 3268 264 3330; x_wconf 89' lang='lat' dir='ltr'><strong>multo</strong></span> <span class='ocrx_word' id='word_1_190' title='bbox 285 3289 361 3333; x_wconf 86' lang='lat' dir='ltr'><strong>aere</strong></span> <span class='ocrx_word' id='word_1_191' title='bbox 383 3269 584 3356; x_wconf 78' lang='lat' dir='ltr'><strong>redemisset,</strong></span> <span class='ocrx_word' id='word_1_192' title='bbox 619 3267 799 3357; x_wconf 83' lang='lat' dir='ltr'><strong>magnificis</strong></span> <span class='ocrx_word' id='word_1_193' title='bbox 825 3269 987 3333; x_wconf 87' lang='lat' dir='ltr'><strong>structuris</strong></span> <span class='ocrx_word' id='word_1_194' title='bbox 1013 3269 1218 3354; x_wconf 80' lang='lat' dir='ltr'><strong>restauravit,</strong></span> 
     </span>
     <span class='ocr_line' id='line_1_27' title="bbox 161 3375 1219 3463; baseline 0.001 -25"><span class='ocrx_word' id='word_1_195' title='bbox 161 3375 368 3460; x_wconf 86' lang='lat' dir='ltr'><strong>postmodum</strong></span> <span class='ocrx_word' id='word_1_196' title='bbox 397 3380 492 3439; x_wconf 91' lang='lat' dir='ltr'><strong>etiam</strong></span> <span class='ocrx_word' id='word_1_197' title='bbox 510 3383 701 3463; x_wconf 88' lang='lat' dir='ltr'><strong>antiquitatis</strong></span> <span class='ocrx_word' id='word_1_198' title='bbox 721 3380 938 3443; x_wconf 84' lang='lat' dir='ltr'><strong>monumentis</strong></span> <span class='ocrx_word' id='word_1_199' title='bbox 957 3397 996 3440; x_wconf 85' lang='lat' dir='ltr'><strong>ex</strong></span> <span class='ocrx_word' id='word_1_200' title='bbox 1011 3375 1103 3438; x_wconf 86' lang='lat' dir='ltr'><strong>Italia</strong></span> <span class='ocrx_word' id='word_1_201' title='bbox 1116 3378 1219 3460; x_wconf 87' lang='lat' dir='ltr'><strong>potis-</strong></span> 
     </span>
     <span class='ocr_line' id='line_1_28' title="bbox 162 3483 1216 3575; baseline 0.001 -30"><span class='ocrx_word' id='word_1_202' title='bbox 162 3488 282 3546; x_wconf 91' lang='lat' dir='ltr'><strong>simum</strong></span> <span class='ocrx_word' id='word_1_203' title='bbox 308 3487 412 3568; x_wconf 86' lang='lat' dir='ltr'><strong>petitis</strong></span> <span class='ocrx_word' id='word_1_204' title='bbox 433 3491 610 3552; x_wconf 82' lang='lat' dir='ltr'><strong>exornavit.</strong></span> <span class='ocrx_word' id='word_1_205' title='bbox 654 3485 824 3575; x_wconf 86' lang='lat' dir='ltr'><strong>Salisburgi</strong></span> <span class='ocrx_word' id='word_1_206' title='bbox 842 3499 947 3549; x_wconf 86' lang='lat' dir='ltr'><strong>autem</strong></span> <span class='ocrx_word' id='word_1_207' title='bbox 970 3483 1078 3548; x_wconf 91' lang='lat' dir='ltr'><strong>aulam</strong></span> <span class='ocrx_word' id='word_1_208' title='bbox 1094 3483 1216 3547; x_wconf 88' lang='lat' dir='ltr'><strong>archie-</strong></span> 
     </span>
     <span class='ocr_line' id='line_1_29' title="bbox 163 3591 1218 3684; baseline 0.001 -31"><span class='ocrx_word' id='word_1_209' title='bbox 163 3591 356 3677; x_wconf 89' lang='lat' dir='ltr'><strong>piscopalem</strong></span> <span class='ocrx_word' id='word_1_210' title='bbox 385 3605 415 3655; x_wconf 92' lang='lat' dir='ltr'><strong>et</strong></span> <span class='ocrx_word' id='word_1_211' title='bbox 442 3614 550 3657; x_wconf 90' lang='lat' dir='ltr'><strong>arcem</strong></span> <span class='ocrx_word' id='word_1_212' title='bbox 580 3594 745 3684; x_wconf 87' lang='lat' dir='ltr'><strong>aedificiis,</strong></span> <span class='ocrx_word' id='word_1_213' title='bbox 783 3596 1047 3683; x_wconf 75' lang='lat' dir='ltr'><strong>propugnaculis,</strong></span> <span class='ocrx_word' id='word_1_214' title='bbox 1082 3597 1218 3658; x_wconf 80' lang='lat' dir='ltr'><strong>cleterna</strong></span> 
     </span>
     <span class='ocr_line' id='line_1_30' title="bbox 162 3699 1217 3789; baseline 0.005 -28"><span class='ocrx_word' id='word_1_215' title='bbox 162 3705 265 3782; x_wconf 59' lang='lat' dir='ltr'><strong>austu</strong></span> <span class='ocrx_word' id='word_1_216' title='bbox 291 3699 348 3762; x_wconf 93' lang='lat' dir='ltr'><strong>sub</strong></span> <span class='ocrx_word' id='word_1_217' title='bbox 365 3721 438 3766; x_wconf 91' lang='lat' dir='ltr'><strong>arce</strong></span> <span class='ocrx_word' id='word_1_218' title='bbox 452 3705 583 3767; x_wconf 89' lang='lat' dir='ltr'><strong>vineam</strong></span> <span class='ocrx_word' id='word_1_219' title='bbox 600 3704 769 3770; x_wconf 88' lang='lat' dir='ltr'><strong>adornavit</strong></span> <span class='ocrx_word' id='word_1_220' title='bbox 784 3719 817 3770; x_wconf 92' lang='lat' dir='ltr'><strong>et</strong></span> <span class='ocrx_word' id='word_1_221' title='bbox 829 3704 960 3768; x_wconf 88' lang='lat' dir='ltr'><strong>hortum</strong></span> <span class='ocrx_word' id='word_1_222' title='bbox 979 3706 1141 3789; x_wconf 81' lang='lat' dir='ltr'><strong>exquisitIs</strong></span> <span class='ocrx_word' id='word_1_223' title='bbox 1159 3724 1217 3766; x_wconf 89' lang='lat' dir='ltr'><strong>ar-</strong></span> 
     </span>
     <span class='ocr_line' id='line_1_31' title="bbox 161 3804 1215 3881; baseline 0.005 -12"><span class='ocrx_word' id='word_1_224' title='bbox 161 3804 293 3871; x_wconf 88' lang='lat' dir='ltr'><strong>boribus</strong></span> <span class='ocrx_word' id='word_1_225' title='bbox 312 3813 480 3874; x_wconf 90' lang='lat' dir='ltr'><strong>consitum.</strong></span> <span class='ocrx_word' id='word_1_226' title='bbox 522 3810 662 3876; x_wconf 87' lang='lat' dir='ltr'><strong>Publicis</strong></span> <span class='ocrx_word' id='word_1_227' title='bbox 680 3815 777 3876; x_wconf 86' lang='lat' dir='ltr'><strong>etiam</strong></span> <span class='ocrx_word' id='word_1_228' title='bbox 798 3812 977 3877; x_wconf 88' lang='lat' dir='ltr'><strong>commodis</strong></span> <span class='ocrx_word' id='word_1_229' title='bbox 997 3814 1143 3881; x_wconf 79' lang='lat' dir='ltr'><strong>inserviit</strong></span> <span class='ocrx_word' id='word_1_230' title='bbox 1161 3813 1215 3880; x_wconf 82' lang='lat' dir='ltr'><strong>via</strong></span> 
     </span>
     <span class='ocr_line' id='line_1_32' title="bbox 161 3913 859 4005; baseline 0.013 -25"><span class='ocrx_word' id='word_1_231' title='bbox 161 3931 221 4002; x_wconf 83' lang='lat' dir='ltr'><strong>per</strong></span> <span class='ocrx_word' id='word_1_232' title='bbox 241 3913 341 4002; x_wconf 88' lang='lat' dir='ltr'><strong>Alpes</strong></span> <span class='ocrx_word' id='word_1_233' title='bbox 362 3921 486 4005; x_wconf 87' lang='lat' dir='ltr'><strong>maguis</strong></span> <span class='ocrx_word' id='word_1_234' title='bbox 501 3920 657 3984; x_wconf 88' lang='lat' dir='ltr'><strong>sumtibus</strong></span> <span class='ocrx_word' id='word_1_235' title='bbox 677 3924 859 3988; x_wconf 86' lang='lat' dir='ltr'><strong>munienda.</strong></span> 
     </span>
    </p>
   </div>
   <div class='ocr_carea' id='block_1_5' title="bbox 0 0 1392 5124">
    <p class='ocr_par' dir='ltr' id='par_1_5' title="bbox 0 0 1392 5124">
     <span class='ocr_line' id='line_1_33' title="bbox 0 0 1392 5124; baseline 0 0"><span class='ocrx_word' id='word_1_236' title='bbox 0 0 1392 5124; x_wconf 95' lang='lat' dir='ltr'><strong> </strong></span> 
     </span>
    </p>
   </div>
  </div>
 </body>
</html>
