2776 5124
464 474 587 544 Taren.
608 499 646 544 rr
665 477 920 548 circuiremus.
1158 489 1215 550 139

163 645 268 731 posito
295 654 327 706 et
348 640 558 722 Cancellerio‚
588 639 732 708 Badenas
753 641 928 708 Marchicas
949 643 990 707 ad
1010 644 1217 732 Colloquium

163 775 242 816 cum
261 750 399 815 Pistorio
426 749 624 838 habendum,
654 750 791 836 quadam
813 752 865 817 die
897 752 1046 841 (septima
1066 755 1219 824 Novem-

164 860 248 945 bris)
276 882 350 924 cum
375 857 560 922 familiarius
585 859 854 945 colloquerentur,
886 859 1026 922 lacobus
1044 861 1217 941 Andreae,

164 980 250 1033 recte
269 967 381 1034 valens
400 977 432 1030 et
450 970 541 1031 annis
555 965 621 1032 fere
635 979 757 1056 septem
774 967 898 1055 minor,
917 964 967 1031 his
979 966 1125 1042 adillum
1139 994 1217 1038 ver-

164 1073 215 1141 bis
234 1086 391 1140 uteretur:

250 1206 318 1250 non
344 1185 442 1270 longo
462 1195 608 1271 tempore
628 1195 783 1270 superstes
803 1197 876 1267 ero,
904 1182 997 1251 brevi
1017 1187 1153 1273 moriar,
1183 1199 1218 1250 tu

166 1287 248 1354 mibi
267 1290 464 1378 parentabis,
486 1296 572 1356 etin
592 1295 701 1357 locum
722 1312 832 1354 meum
851 1291 1008 1357 succedes.

251 1397 294 1462 Et
322 1400 485 1485 respondit
513 1401 595 1464 dicto
624 1413 765 1468 eventus.
810 1398 959 1462 Mortuus
984 1411 1030 1462 est
1055 1402 1127 1468 Jac.
1147 1404 1220 1468 An-

172 1506 268 1570 dreae
286 1511 429 1593 proximi
448 1508 472 1572 J
475 1511 597 1572 aunarii
617 1509 669 1581 die
689 1511 838 1594 septima,
874 1511 1016 1570 oratione
1035 1509 1161 1574 funebri
1180 1513 1222 1576 il-

168 1615 240 1678 lum
266 1615 408 1684 laudavit
429 1617 679 1704 ‘Heerbrandum
718 1621 816 1702 inque
845 1617 912 1700 ejus
942 1614 1049 1679 locum
1078 1625 1222 1684 successit

168 1720 283 1787 eidem
302 1723 499 1792 Novembris
526 1725 577 1790 die
602 1730 753 1810 septima,
781 1744 844 1808 qua
870 1723 926 1784 illa
949 1725 1121 1810 praedictio
1141 1728 1221 1792 facta

169 1844 254 1918 erat,
291 1834 475 1898 solemniter
500 1831 705 1901 confirmatus
731 1829 937 1901 aLudovico
964 1834 1069 1922 Duce,
1105 1833 1158 1899 hic
1184 1841 1220 1902 in

169 1959 242 2004 arce
263 1963 318 2005 sua
338 1955 511 2028 praesente.

255 2047 398 2136 Verum,
422 2063 458 2116 ut
475 2051 690 2117 humanarum
707 2075 817 2118 rerum
838 2050 979 2116 conditio
997 2052 1157 2119 variabilis
1177 2067 1223 2117 est

170 2175 209 2218 ac
233 2159 428 2245 inconstans,
460 2162 567 2224 minus
593 2164 748 2225 immunis
770 2170 876 2224 erata
898 2160 1124 2224 calamitatibus
1144 2162 1223 2225 reli-

171 2285 235 2349 qua
256 2270 332 2334 vita·
373 2267 415 2331 Et
437 2266 568 2352 quidem
590 2268 775 2333 domesticas
797 2268 890 2336 brevi
910 2259 1090 2353 complures
1110 2293 1223 2355 exper-

169 2387 222 2439 tus
249 2388 304 2440 est.
352 2375 491 2441 Orbatus
518 2389 565 2440 est
589 2375 675 2466 filio,
704 2400 782 2442 mox
808 2383 904 2443 etiam
928 2375 1003 2440 filia.
1050 2379 1222 2464 Duplicem

170 2481 255 2549 hanc
275 2486 429 2569 jacturam
450 2506 574 2573 passus,
604 2490 745 2572 corporIs
764 2490 926 2572 animique
942 2490 1027 2553 vires
1044 2486 1224 2553 decrescere

171 2597 284 2679 sensit,
314 2592 482 2660 difficulter
508 2593 654 2659 incedere
675 2593 896 2680 memoriique
918 2593 1052 2658 deficere
1070 2596 1224 2682 paulatim

172 2706 292 2786 coepit:
323 2715 517 2786 quapropter
541 2717 654 2787 sponte
680 2725 714 2766 se
738 2701 897 2770 abdicavit
921 2725 1055 2767 munere
1079 2705 1224 2767 ecclesia-

171 2813 269 2894 stice,
290 2793 396 2874 habita
412 2809 523 2874 ultima
540 2809 642 2895 eique
655 2809 779 2874 solenni
797 2815 967 2890 concione,
988 2818 1062 2873 curn
1078 2812 1225 2876 ecclesiae

176 2916 375 3003 Tubingensi
410 2919 602 2984 inserviisset
634 2930 717 2980 totos
749 2939 850 2983 annos
881 2922 1106 3004 quinquagima
1137 2920 1226 2986 duos.

175 3025 360 3089 Insecutum
380 3037 426 3089 est
438 3024 531 3092 brevi
546 3030 673 3088 tertium
685 3026 818 3110 vulnus,
838 3023 933 3108 idque
948 3025 1050 3088 multo
1068 3028 1223 3108 acerbius3

175 3138 282 3198 amisit
299 3137 482 3220 conjugem,
508 3155 643 3218 quacum
660 3152 755 3216 supra
771 3134 998 3216 quinquaginta
1018 3156 1118 3199 annos
1134 3141 1227 3202 vixe-

176 3255 226 3306 rat
244 3246 468 3306 amantissime.
510 3240 626 3326 Senex,
648 3240 752 3304 nullos
767 3261 910 3324 unquam
926 3255 1070 3325 expertus
1085 3243 1228 3329 morbos,

176 3373 264 3418 nunc
285 3355 408 3413 incessu
430 3356 474 3413 ita
491 3350 639 3416 laborans
660 3355 715 3417 vix
735 3364 771 3414 ut
790 3349 879 3435 duci,
907 3349 1028 3413 nedum
1045 3353 1093 3413 ire
1109 3365 1227 3440 posset,

179 3459 314 3522 docendi
339 3479 426 3520 nunc
448 3480 574 3544 quoque
592 3482 726 3525 munere
748 3482 781 3526 se
801 3458 972 3545 abdicavit,
1004 3472 1172 3546 postquam
1193 3466 1228 3524 in

178 3568 286 3632 schola
303 3565 363 3629 hac
382 3566 536 3631 docuisset
551 3588 652 3633 annos
667 3591 760 3656 supra
773 3570 978 3657 quadraginta
991 3593 1103 3635 unum.
1142 3543 1230 3635 'l‘ro-

180 3687 268 3743 ximo
290 3698 376 3740 anno
396 3686 509 3758 sponte
529 3675 658 3744 decessit
680 3682 749 3764 ipso
771 3683 866 3743 etiam
886 3701 1021 3742 munere
1042 3677 1230 3743 Cancellarii
1319 3759 1322 3766 Ι

181 3788 435 3871 PraepositIque,
455 3783 594 3870 malens,
615 3785 676 3848 sibi
696 3786 800 3851 deesse
818 3785 976 3874 officium,
998 3807 1095 3871 quam
1110 3787 1229 3872 officio,

182 3899 233 3957 cui
259 3898 363 3979 impar
386 3898 454 3979 ipse
473 3893 571 3957 sactus
592 3909 686 3982 esset,
711 3916 827 3978 parem
854 3896 969 3959 deesse.
1010 3895 1163 3957 Decretus
1183 3895 1230 3957 illi

185 4014 231 4068 est
246 4023 404 4069 successor
417 4001 488 4092 ille,
508 4023 605 4091 quem
619 4002 773 4092 diximus,
791 4003 947 4093 Aegidius
958 4001 1124 4089 Hunnius,
1142 4024 1230 4068 nunc
