2776 5124
407 425 707 502 warunnam
725 428 840 503 Dncrs.
1080 444 1142 504 239

92 591 197 683 gulari
221 593 360 684 quadam
383 595 439 664 vel
458 597 574 662 eximia
592 595 736 662 facultate
755 594 876 684 ingenii
895 620 977 685 quae
997 599 1037 666 de
1054 612 1143 668 tanto

93 709 235 792 principe
262 701 493 792 exspectatione
521 719 627 773 vestra
656 705 752 792 digna
775 711 1013 794 existimentur,
1042 734 1144 798 expo-

93 833 182 878 nere·
196 816 334 905 possim,
362 814 417 880 vel
438 804 521 899 quae
543 824 621 878 nota
640 808 733 880 vobis
750 825 825 880 'sunt
844 829 876 880 et
892 824 1078 884 >communia
1098 826 1143 887 sic

90 924 181 1007 quasi
200 926 317 990 vestire
335 921 820 1009 verborum·‘sententiarumqne
836 938 969 1013 omaro,
989 941 1026 993 ut
1043 953 1142 1019 nova,

92 1033 223 1119 intacta,
243 1031 416 1120 singularia
431 1034 534 1102 viciari
548 1036 685 1120 possint;
704 1031 853 1119 equidem
865 1035 1045 1101 satisfecisse
1060 1038 1142 1108 mibi

88 1138 223 1230 putabo,
247 1145 278 1206 ‘si
297 1145 448 1231 pietatem
463 1161 575 1210 ‘meam
593 1144 698 1230 magis
719 1158 821 1228 quam
838 1145 993 1208 orationis
1010 1151 1141 1234 copiam

86 1247 278 1333 probavero.
717 1326 720 1330 ,

174 1357 276 1426 Erant
291 1374 379 1428 ‘certe
396 1361 433 1430 in
449 1355 660 1432 Serenissimo
670 1350 789 1425 'Carolo
803 1367 914 1425 nostro
929 1358 1030 1429 multa
1045 1386 1141 1455 prae-

88 1465 173 1531 clara
193 1480 224 1533 ct
242 1482 372 1557 prorsus
392 1475 528 1559 egregia.
569 1467 856 1560 Quemadmodum
879 1491 957 1537 vero
977 1489 1142 1557 praetere-

86 1588 178 1640 untes
196 1575 339 1642 tabulam
358 1579 497 1665 aliquam
516 1578 674 1643 luculente
691 1582 811 1664 pictam
826 1573 968 1645 solemus
982 1583 1139 1673 plerique,
1241 1575 1243 1578 Α

86 1687 142 1770 qni
162 1684 297 1764 artifices
314 1689 350 1750 in
368 1685 431 1751 boc
451 1709 568 1774 genere
587 1690 648 1773 ipsi
666 1702 735 1750 non
752 1700 881 1769 sumus,
901 1696 1000 1753 certas
1017 1691 1137 1778 aliquas

82 1808 190 1884 'partes
209 1799 245 1860 in
262 1817 299 1860 ea
317 1800 520 1883 potissimum
535 1793 709 1882 spectando
730 1787 897 1881 admirari,
924 1799 972 1859 sic
991 1797 1138 1866 illustris-

79 1908 201 1969 simam
227 1909 367 1992 speciem
394 1907 508 1991 optimi
534 1902 686 1991 principis
710 1899 822 1969 animo
846 1901 974 1970 'intuens
998 1919 1030 1970 et
1054 1930 1136 1994 pene

78 2028 216 2078 ‘cernens
230 2014 334 2078 oculis
350 2035 394 2078 ex
412 2017 582 2101 conspicuo
599 2010 771 2098 ‘splendore
789 2014 948 2078 virtutum
963 2029 1063 2078 unam
1084 2019 1135 2081 al-

80 2130 248 2208 teramque
270 2125 380 2191 'visum
402 2130 449 2187 est
468 2137 740 2206 commemorare,
768 2135 837 2184 uon
853 2135 1043 2205 'percensere
1058 2129 1138 2202 uni-

79 2244 199 2298 versas.
244 2223 290 2294 Et
312 2233 464 2298 universe
489 2228 620 2316 quidem
643 2226 806 2291 fatendum
833 2241 894 2314 est,
923 2245 1080 2318 magnum
1102 2246 1133 2297 et

80 2332 240 2402 excelsum
267 2344 304 2402 et
329 2336 519 2424 flagrantem
546 2351 659 2401 ‘amore
686 2335 787 2399 laudis
811 2338 976 2424 animum,
1019 2356 1132 2404 ‘curam

74 2446 282 2532 'studiumque
299 2437 488 2534 honestatis,
511 2442 657 2512 'favorem
678 2455 709 2506 et
728 2441 953 2529 benignitatem
969 2461 1049 2531 terga
1069 2469 1133 2534 op-

79 2560 174 2622 timas
192 2549 377 2641 ‘disciplinas
398 2567 494 2640 'atque
512 2568 613 2641 antea,
642 2555 803 2616 caritatem
821 2554 959 2638 patriae,
984 2554 1133 2621 ¹clemen-

79 2668 159 2730 tiam
175 2677 306 2750 qno‘q'ue
320 2669 357 2727 re't
372 2655 621 2748 humanitatem,
635 2662 638 2667 ’
651 2664 688 2724 in
709 2656 827 2723 Carolo
844 2666 879 2723 'et
898 2663 1029 2726 vivente
1044 2667 1132 2727 ‘emi-

77 2778 200 2854 nuisse,
225 2783 262 2835 ‘et
283 2774 319 2836 in
336 2783 467 2836 mortuo
486 2765 590 2835 laudis
606 2761 836 2854 celebratione,
861 2777 898 2831 ‘et
914 2771 1009 2834 omni
1028 2791 1132 2838 vene-

77 2885 209 2951 rationis
229 2881 315 2944 cultu
332 2896 402 2944 'esse
422 2876 651 2966 dignissimam.

163 2991 238 3055 Fuit
263 2993 298 3054 in
324 2987 380 3052 illo
403 2990 430 3052 is
450 2989 593 3071 animus,
621 2980 764 3071 quinon
785 2983 881 3047 'sciret
896 2997 1004 3068 ‘neque
1019 2995 1130 3071 ¹posset

79 3105 257 3188 quiescere,
277 3108 309 3160 et
329 3093 464 3160 desidiae
482 3101 551 3156 tam
567 3112 646 3156 'suae
664 3096 761 3178 ipsius
774 3108 877 3178 quam
896 3091 1033 3156 aliorum
1050 3105 1131 3160 essct

76 3195 379 3297 impatientissimus.
427 3200 539 3286 Itaque
559 3201 782 3286 juveniacum
802 3211 896 3289 esset,
921 3215 1050 3287 semper
1071 3225 1129 3266 ex-

76 3317 203 3406 petebat
218 3311 453 3402 usurpabatque
472 3313 707 3372 exercitationes
727 3312 884 3393 corporIs,
905 3308 1041 3395 quibus,
1067 3327 1129 3375 ve-

76 3428 136 3492 luti
154 3423 313 3509 cursibus,
347 3418 583 3503 venationibus,
611 3416 679 3481 aliis
696 3432 931 3502 nonnunquam
953 3417 994 3482 ad
1014 3417 1129 3482 delati-

75 3538 237 3622 gationem
253 3553 353 3617 usque
369 3529 558 3593 abuteretur.
599 3525 687 3588 Hinc
705 3523 747 3589 ad
766 3527 814 3587 rei
832 3523 985 3587 militaris
1004 3536 1035 3586 et
1056 3523 1128 3598 bel-

77 3643 160 3707 liene
185 3639 309 3704 labores
338 3637 490 3724 cupiditas
517 3634 606 3698 Illius
633 3627 774 3696 celeriter
795 3642 827 3695 et
845 3624 1053 3696 vehementer
1072 3637 1127 3696 in-

75 3750 200 3837 cubuit,
225 3746 416 3832 volebatque
435 3749 470 3809 in
490 3743 603 3807 militia
616 3740 756 3804 maxime
769 3723 925 3807 virtutem
938 3755 1029 3802 suam
1042 3759 1126 3815 ‘cone

75 3865 171 3949 spici,
201 3872 240 3924 ut·
260 3861 316 3945 qui
336 3859 485 3924 universe
504 3871 622 3938 magna
641 3849 743 3913 laudis
767 3860 799 3913 et
818 3848 935 3934 gloriae
955 3846 1124 3932 cupiditate

75 3968 234 4058 flagraret.
273 3967 322 4032 Ex
342 3966 390 4036 rei
405 3962 550 4030 militaris
564 3962 764 4045 tractatione,
783 3958 871 4042 cujus
884 3951 1024 4020 studium
1037 3973 1124 4022 nun·
