2776 5124
184 461 244 521 190
466 457 527 527 Gr.
547 459 750 528 Boannannr
770 459 940 544 Bronton,
1013 520 1015 524 ,

263 621 310 687 At
329 624 505 691 multorum
526 646 687 691 annorum
706 621 832 689 labores
852 621 1013 709 continui,
1040 634 1072 687 et
1091 625 1241 692 maxime

177 735 308 820 itinera,
342 738 439 798 etiam
472 737 711 821 intempestiva,
747 743 920 818 coeperunt
951 729 1026 795 inde
1054 730 1095 795 ab
1124 741 1241 802 aetatis

178 862 264 906 anno
289 847 484 929 sexageslmo
508 841 654 928 frangere
674 840 892 906 valetudinem
911 839 1068 926 hominIs,
1102 855 1138 905 ut
1158 844 1241 908 sub-

177 950 254 1014 inde
272 963 351 1014 esset
371 972 446 1012 cum
465 949 588 1013 morbis
604 946 862 1032 conflictandum.
903 945 1043 1034 Repetiit
1057 972 1144 1014 anno
1159 973 1239 1039 sep-

176 1063 277 1146 timo,
307 1071 439 1122 exeunte
460 1058 584 1143 Aprili,
611 1056 770 1121 Thermas
797 1056 941 1143 Ferinas,
971 1059 1084 1145 quibus
1110 1065 1239 1148 saepius

175 1188 252 1230 usus
286 1180 378 1247 esset3
411 1165 455 1230 ibi
485 1180 597 1252 quarto
626 1167 708 1251 Maji
737 1164 788 1228 die
817 1178 979 1251 correptus
1007 1167 1182 1233 diarrhoea
1204 1183 1239 1234 et

173 1273 346 1362 languore,
364 1275 515 1361 postridie
535 1274 660 1358 placida
678 1287 782 1337 morte
799 1278 967 1337 exstinctus
983 1288 1045 1361 est,
1065 1290 1235 1362 praesente

173 1386 236 1468 ipsi
255 1380 477 1450 Hafenreliero
497 1395 623 1467 nostro,
652 1381 895 1470 incomparabili
915 1383 1101 1472 Theologo,
1129 1403 1236 1452 annos

173 1504 267 1555 natus
292 1493 453 1577 sexaginta
479 1503 510 1554 et
530 1503 613 1557 octo,
653 1487 769 1574 Neque
791 1513 869 1556 vero
889 1513 997 1577 passus
1019 1507 1066 1556 est
1085 1497 1233 1580 impara-

172 1611 245 1663 tum
269 1621 304 1663 se
327 1621 347 1662 a
366 1611 472 1667 morte
498 1600 650 1684 opprimi.
692 1596 806 1662 Paucis
831 1612 903 1663 ante
923 1598 1048 1664 obitum
1067 1603 1232 1670 mensibus

170 1709 208 1772 in
228 1707 349 1795 templo
369 1707 508 1794 collegae
526 1707 636 1771 locum
654 1720 903 1794 monstraverat,
924 1730 989 1793 quo
1012 1725 1143 1795 cuperet
1158 1725 1229 1798 post

171 1815 297 1880 obitum
323 1815 464 1881 tabulam
491 1818 670 1879 memoriae
694 1837 786 1880 causa
813 1815 973 1901 suspendi.
1016 1816 1116 1908 Quod
1136 1843 1229 1883 com-

83 1925 88 1932 ’
170 1929 406 1988 memoratione
432 1922 518 1987 haud
537 1923 725 2012 indignum,
756 1923 1061 2010 quadringentorum
1081 1926 1228 1992 floreno-

167 2054 243 2097 rum
263 2044 458 2118 proventum
479 2045 684 2116 perpetuum,
713 2031 840 2098 scholae
861 2031 1039 2117 oppidanae
1061 2035 1149 2119 apud
1169 2028 1227 2101 nos

168 2137 302 2214 Rectori
323 2146 355 2198 et
373 2133 502 2220 collegis
523 2133 791 2222 distribuendum,
820 2141 874 2224 pie
893 2140 1064 2226 legaverat.
1082 2192 1084 2196 ,
1105 2146 1159 2209 De
1179 2146 1226 2210 fa.

168 2242 418 2309 cultatibussuis
439 2240 516 2326 quid
535 2254 608 2327 post
628 2255 768 2308 mortem
787 2241 858 2309 fieri
878 2247 990 2335 vellet,
1010 2250 1126 2318 tabulis
1146 2275 1226 2338 pru.

142 2399 145 2406 .
168 2353 281 2425 denter
308 2349 431 2412 dudum
454 2361 523 2413 erat
542 2349 740 2436 dispositum.
764 2351 832 2436 ,Ex
851 2356 957 2439 prima
978 2360 1114 2446 conjuge
1134 2375 1224 2425 octo-

167 2460 273 2533 decirn
298 2470 450 2521 natorum
476 2461 654 2543 superstites
680 2471 771 2523 erant
789 2482 929 2551 norem,
957 2463 1025 2528 hini
1044 2465 1120 2554 filii,
1139 2471 1225 2536 'alter

165 2567 449 2652 Norimbergensis
471 2569 606 2635 civitatis
626 2567 839 2657 consiliarius,
863 2571 943 2637 alter
957 2573 1155 2641 medicinam
1175 2579 1225 2644 fa·

164 2684 251 2745 ciens
274 2674 516 2762 Wiirceburgi,
548 2671 635 2738 filiae
659 2688 799 2764 septem,
833 2700 948 2745 omnes
980 2702 999 2745 a
1027 2697 1163 2768 parente
1190 2691 1223 2772 in

164 2787 425 2854 honestissimum
450 2783 695 2845 matrimonium
724 2785 910 2854 collocatae:
947 2811 987 2855 ex
1013 2790 1114 2865 altero
1142 2816 1221 2860 con.

163 2897 252 2983 jugia
279 2893 411 2957 aderant
436 2887 551 2978 filiola,
583 2902 616 2954 et
638 2887 698 2954 filii
724 2891 805 2985 dno,
836 2917 977 2996 quornm
1000 2915 1077 2985 natu
1098 2905 1221 2992 major,

162 3004 323 3089 Andreas,
344 2997 567 3064 immortaliter
584 2997 717 3086 posthac
732 3001 777 3068 de
796 3007 900 3090 patria
915 2996 967 3071 'est
985 3014 1210 3095 promeritus...

247 3135 304 3200 Est
322 3132 375 3198 hic
392 3133 548 3196 Andreas
566 3132 812 3199 Burclslrardtus
831 3137 902 3226 ille,
928 3145 984 3227 qui
996 3145 1081 3229 pacis
1097 3142 1222 3210 West-

117 3250 119 3254 ’
161 3241 306 3331 phalicae
334 3240 568 3307 conditionibus
596 3240 768 3307 condendis
793 3245 936 3311 interfuit
959 3249 1223 3336 Legatos-Ducis

162 3348 457 3435 Wiirtembergici,
484 3361 608 3412 etcum
628 3355 713 3415 socio
734 3356 892 3439 muneris,
919 3352 1140 3445 Varnbylero,
1160 3381 1220 3424 sua

160 3459 331 3548 prudentia
359 3467 392 3520 et
419 3461 592 3522 constantia
614 3456 732 3545 effecit,
764 3475 801 3524 nt
824 3460 1094 3549 Wiirtembergia
1119 3473 1220 3532 resti-

161 3580 304 3634 tueretur
323 3565 429 3630 omnis
448 3577 481 3628 et
498 3568 635 3660 integra:
656 3572 711 3654 qui
731 3572 881 3655 privatim
902 3591 1029 3658 quoque
1047 3574 1219 3658 permultis

161 3676 282 3767 profuit
309 3672 502 3738 instituendo
532 3697 572 3741 ex
606 3682 669 3745 suis
696 3679 894 3746 facultatibus
920 3680 1078 3767 stipendio
1105 3682 1218 3774 largo,

132 3820 135 3832 .
162 3806 228 3873 quo
253 3781 357 3847 adhuc
375 3782 469 3847 multi
486 3782 572 3869 apud
590 3807 651 3857 nos
671 3787 909 3881 disciplinarum
927 3787 1117 3859 studiosior
1136 3813 1219 3880 spe-

163 3894 252 3967 statis
271 3889 397 3964 familiis
416 3888 579 3968 fruuntur.¹
619 3936 621 3940 -
1025 3941 1028 3948 -
