2776 5124
429 438 573 511 Gentes
587 432 624 506 rc
643 437 802 507 Jurrutcu
821 439 960 509 Doctus.
1119 446 1122 453 “
1161 455 1218 512 109

163 608 296 695 multis,
321 609 431 692 quiin
452 603 557 670 Gallia
577 617 696 692 essent,
717 606 856 671 veritatis
877 606 1078 693 evangelicae
1099 611 1222 677 studio·
1281 630 1291 644 ·

161 721 208 781 sis
237 714 360 779 libellus
390 714 444 777 ifle
470 712 641 798 prodesset.
683 712 725 776 Et
752 711 878 777 videtur
899 718 1033 779 omnino
1060 719 1223 805 religionis

163 820 551 909 studiosissimus-fuisse,
581 833 664 884 certe
682 821 725 884 ob
746 823 898 884 eximiam
918 824 953 885 in
972 844 1124 909 pauperes
1144 850 1222 890 mu.

165 930 366 998 nificentiam
381 929 549 1021 laudatur:
575 942 743 1015 ,praeterea
770 931 855 992 mitis
876 933 978 1014 magis
1001 937 1222 1000 accommodi

164 1044 306 1129 ingenii,
337 1059 439 1125 quam·
458 1041 537 1108 acris
558 1050 651 1122 atque
671 1035 840 1112 ambitiosi.
880 1036 1105 1123 Valetudinem
1126 1048 1222 1107 etiam

166 1163 242 1214 ante
269 1170 367 1236 quarn
394 1149 520 1211 senium
545 1149 796 1232 ingravesceret,
829 1161 973 1232 expertus
994 1162 1040 1212 est
1059 1147 1222 1214 infirmio-

164 1281 271 1323 rem.·
293 1255 420 1348 Quare,
441 1278 515 1319 cum
535 1252 576 1315 oh
595 1252 822 1340 frequentiores
837 1235 968 1320 morbos
983 1257 1129 1322 obeundo
1145 1283 1222 1322 mu-

164 1371 241 1432 neri
267 1366 394 1453 publico
420 1370 580 1450 imparem
608 1387 642 1429 se
661 1376 879 1449 cognosceret3
911 1369 1016 1449 petiit,
1052 1367 1137 1450 quod
1160 1373 1223 1434 viri

166 1473 264 1561 probi
292 1489 355 1561 est,
391 1474 557 1537 honestam
584 1475 770 1538 missionem
790 1492 874 1534 anno
902 1475 992 1538 1556.
1030 1473 1222 1540 Petitionem

165 1582 409 1648 commendavit
435 1585 493 1666 qui
519 1602 667 1667 praesens
691 1592 763 1643 tum
785 1591 864 1643 esset
883 1578 1046 1666 Principis.
1059 1581 1098 1643 ad
1119 1582 1222 1646 Sena·
1254 1562 1256 1567 ,

167 1704 239 1755 tum
259 1691 475 1755 academicum
490 1687 644 1776 Legatus,
667 1709 735 1752 non
756 1690 824 1752 sine
842 1685 1018 1751 honorifica
1030 1695 1221 1756 meritorum

164 1804 236 1886 ejus
264 1805 437 1863 mentione.
494 1796 611 1860 Extant
642 1800 677 1860 in
709 1795 822 1861 tabulis
855 1795 979 1884 collegii
1012 1797 1222 1884 philosophici

165 1909 209 1973 ad
236 1900 484 1992 annum'1556,
518 1926 583 1991 quo
609 1904 772 1990 Decanus¹
788 1920 858 1970 erat
884 1905 1042 1992 Georgius
1070 1905 1220 1996 Liebler,

168 2015 328 2105 quaedam
355 2014 410 2078 ab'
430 2016 552 2078 incerto
582 2014 728 2102 quidem,
763 2015 823 2084 sed
839 1999 977 2100 coaevo,
1015 2037 1075 2079 nec
1091 2017 1222 2082 nullius

168 2127 361 2190 auctoritatis
381 2137 458 2186 teste
479 2120 634 2208 adscripta
653 2122 772 2211 verba,
793 2146 873 2209 quae
895 2125 973 2210 quin
991 2129 1122 2189 recitem
1135 2138 1221 2190 tem-

168 2257 280 2321 perare
299 2233 380 2296 mihi
399 2254 466 2296 non
486 2251 626 2316 possum.
665 2227 746 2295 Sunt
765 2230 860 2294 haec:

249 2341 320 2409 Sub
339 2341 403 2404 hoc
422 2339 554 2403 Decano
576 2337 775 2404 Clarissimus
794 2340 873 2426 Vir,
902 2340 1069 2405 Melchior
1094 2341 1220 2405 Volma-

253 2472 309 2512 rtu
330 2447 384 2510 itu
403 2445 766 2535 its-Erythropolitanus,
786 2449 1032 2534 JurisDoctor,
1053 2472 1143 2532 cum,
1163 2453 1222 2512 sti·-

250 2556 370 2644 pendio
391 2555 603 2624 ducentorum
621 2546 820 2621 florenorum
840 2557 1012 2623 conductus
1023 2580 1153 2644 graecas
1171 2556 1222 2619 la-

250 2672 394 2751 tinasque
428 2664 533 2727 literas
559 2685 676 2751 magna
702 2687 777 2727 cum
793 2686 852 2728 sua
878 2665 986 2752 laude,
1015 2689 1075 2730 nec
1095 2663 1223 2729 minore

252 2774 383 2837 utilitate
403 2771 536 2836 Scholae
562 2772 682 2858 aliquot
707 2777 798 2836 annis
819 2771 990 2858 docuisset,
1020 2777 1108 2837 senio
1128 2794 1222 2836 mor-

242 2884 363 2969 ,bisque
380 2883 553 2966 confectus,
573 2881 840 2966 honestissimam,
860 2902 958 2966 quam
970 2877 1109 2965 petebat,
1128 2900 1146 2941 a
1161 2877 1222 2944 Se-

253 3007 329 3058 natu
343 2989 475 3054 Scholae
491 2989 709 3052 dimissionem
728 3002 774 3052 est
792 2999 986 3054 consecutus.
1027 2986 1238 3050 Decretum-·

253 3122 316 3186 que
336 3098 395 3162 fuit
414 3098 453 3162 ab
476 3096 590 3161 eodem
610 3093 727 3159 Senatu
747 3095 969 3182 Amplissimo,
1001 3107 1036 3157 ut
1054 3093 1116 3180 illi,
1148 3108 1222 3158 tan-

255 3229 352 3293 quam
375 3198 501 3293 ¹optime
520 3208 636 3270 merito
659 3203 699 3267 de
720 3201 849 3289 Schola,
884 3206 920 3268 in
939 3207 1024 3270 vitae
1043 3224 1117 3266 suae
1138 3214 1223 3267 tem-

255 3338 313 3402 pus
340 3315 499 3400 reliquum
525 3316 623 3377 annui
649 3314 773 3376 centeni
795 3309 910 3376 floreni
941 3311 1099 3377 darentur.
1150 3311 1223 3373 Do-

243 3429 320 3486 cuit
353 3436 460 3486 autem
494 3443 593 3507 usque
620 3419 662 3482 ad
690 3423 854 3506 angariam
882 3418 1008 3506 Crucis,
1047 3441 1084 3482 ac
1113 3431 1223 3506 postea
1301 3446 1304 3452 ·

256 3531 404 3594 lectiones
425 3532 502 3616 ejus,
522 3551 590 3594 uon
608 3526 820 3594 stne-scholae
836 3529 1054 3621 incommodo,
1075 3528 1222 3613 aliquan«

257 3637 312 3700 diu
332 3649 501 3722 vacarunt,
523 3659 597 3698 cum
612 3650 825 3722 expectaretur
839 3638 879 3701 ab
894 3637 1109 3718 Illustrissimo
1123 3637 1227 3730 Prin-y

256 3749 325 3831 cipe
345 3744 476 3810 Scholae
496 3744 697 3831 reformati0,
717 3768 814 3830 quam
833 3750 1032 3814 institueret„
1058 3784 1069 3791 ·‹
1187 3734 1196 3745 ⁴

238 3853 333 3917 Vitae
368 3853 567 3918 scholasticae
594 3868 765 3941 postquam
795 3855 994 3920 valedixisset
1021 3856 1222 3944 Volmarius,
1256 3873 1262 3882 “

175 3984 251 4025 mox
273 3965 384 4047 etiam,
405 3968 552 4056 proximo
568 3983 654 4028 anno
669 3963 787 4047 (1557)
810 3961 956 4031 valedixit
967 3964 1134 4057 Tubingae
1151 3969 1222 4051 ipsi,
