2776 5124
87 551 90 558 ,
169 494 229 568 134
522 482 598 549 dac.
619 483 842 571 Hermolao,

244 648 429 715 Inciderunt
452 648 633 714 calamitosa
654 662 828 735 tempora‚-
853 668 990 734 magnae
1009 671 1120 714 rerum
1139 673 1218 738 per-

161 759 365 826 turbationes.
406 756 525 822 Ortum
546 770 592 822 est
611 757 732 822 bellum
753 754 1012 838 Smalcaldicum3
1036 780 1100 843 quo
1123 759 1217 828 brevi

160 867 328 958 profligato
349 888 368 931 a
385 864 520 932 Caesare
534 863 652 932 Carolo
672 869 774 952 patria
794 876 902 930 nostra
924 868 1014 929 cessit
1035 870 1134 953 copiis
1153 866 1216 931 ho-

160 977 292 1044 stdihus.

245 1084 399 1149 Formula
420 1086 581 1173 religionis
599 1083 823 1150 Interimistica
844 1083 926 1147 dicta
944 1085 1164 1173 promulgata,
1187 1099 1216 1149 et

163 1192 294 1281 quidem
305 1191 473 1280 Tubingae
492 1191 543 1270 die
554 1193 705 1279 Martini,
731 1213 819 1256 anno
836 1191 1078 1279 quadragesimo
1092 1207 1216 1262 octavo.

249 1300 302 1366 Ab
328 1301 389 1366 hoc
410 1301 462 1365 die
480 1305 608 1389 vacarit
626 1301 667 1365 ab
687 1300 786 1366 officii
804 1302 1077 1367 administratione
1095 1303 1217 1366 Diaco-

166 1433 245 1497 nus,
279 1431 365 1474 nunc
392 1413 539 1495 marim,
569 1408 625 1474 sed
654 1414 710 1496 qui
736 1409 836 1475 nollet
864 1410 1013 1496 amplecti
1040 1408 1217 1474 istiusmodi

166 1519 351 1585 formulam.
394 1516 472 1584 Otio
496 1540 583 1582 nunc
607 1519 802 1610 abundabat,
833 1522 888 1587 sed
904 1523 950 1586 'ita
968 1517 1115 1583 utebatur
1136 1522 1218 1604 otio,

167 1640 203 1691 ut
221 1626 400 1692 litterarum
419 1625 528 1691 studiis
548 1647 646 1692 omne
660 1643 786 1716 tempus
803 1630 901 1697 daret.
944 1627 1042 1692 Anno
1060 1631 1219 1712 quinqua-

169 1739 291 1822 gesimo
316 1757 391 1797 cum
418 1732 481 1796 huc
505 1739 631 1802 veniret
650 1736 822 1803 oswaldus
842 1734 1128 1818 Schreckenfuchs,
1161 1731 1218 1795 he-

166 1841 347 1907 braicarum
366 1843 542 1909 litterarum
560 1851 783 1933 pendeamus,
803 1845 935 1911 antehac
948 1843 1221 1931 Bletigheimensis

169 1950 238 2015 ludi
265 1954 430 2040 magIster,
461 1975 536 2018 usus
563 1954 617 2017 ille
643 1953 704 2019 hac
732 1958 984 2042 opportunitate,
1006 1966 1087 2016 ’tum
1113 1954 1220 2015 minus

168 2038 344 2147 acquina,
382 2072 419 2124 ut
444 2065 607 2148 privatam
633 2066 700 2149 ejus
726 2067 958 2129 institutionem
986 2083 1127 2126 unacum
1153 2059 1223 2124 aliis

170 2167 376 2257 qmbusdam,
395 2169 526 2255 posthae
545 2171 741 2270 clarissimis,
762 2176 842 2240 viris
861 2172 1061 2237 conduceret.

254 2279 302 2345 At
320 2293 450 2346 mortuo
468 2281 581 2346 Ulrico
602 2305 677 2346 cum
697 2284 891 2346 successisset
909 2277 993 2344 filius
1008 2271 1223 2364 Christophoss

172 2409 240 2475 rus,
267 2391 413 2452 successit
428 2410 554 2474 quoque
579 2389 640 2453 alia
658 2390 833 2477 laetiorque
851 2411 962 2455 rerum
980 2390 1083 2454 facies.
1123 2390 1222 2458 Brevi

172 2522 223 2565 res
244 2498 467 2564 ecclesiasticae
486 2511 688 2586 repurgatam,
709 2499 846 2565 coetibus
860 2501 995 2586 legitimi
1009 2496 1156 2563 doctores
1171 2521 1222 2563 re-

170 2611 278 2672 sumti.
319 2607 433 2688 Nunc,
457 2627 543 2670 anno
564 2610 825 2694 quinquagesimo
841 2611 948 2694 primo
964 2605 1093 2692 (1551),
1114 2605 1223 2671 Heer-

172 2715 312 2782 brandus
336 2719 519 2781 constitutus
540 2728 586 2780 est
605 2729 712 2800 pastor
730 2713 984 2800 Herrenbergae.
1023 2713 1123 2777 Haud
1143 2735 1223 2799 pro-

174 2825 229 2889 cul
255 2823 331 2890 inde
357 2823 444 2888 abest
469 2845 569 2910 pagus
595 2823 762 2911 Eningen‚
794 2822 851 2886 ubi
866 2822 1033 2887 Johannes
1054 2820 1225 2911 Brennus,

172 2932 304 3002 volente
323 2930 553 3018 ChrIstophoro
573 2933 681 3020 Duce,
710 2945 781 2995 tum
801 2953 957 2997 secessum
976 2942 1084 2996 nactus
1106 2941 1153 2994 est
1173 2946 1224 2994 at-

173 3065 236 3130 que
261 3044 365 3106 otium
385 3062 460 3104 cum
480 3042 640 3128 dignitate.
689 3041 791 3104 Venit
810 3038 943 3104 subinde
962 3034 1225 3124 Herrenbergam

173 3152 216 3215 ad
236 3149 437 3215 salutandum
456 3163 633 3238 pastorem,
655 3161 687 3213 et
705 3150 788 3212 inter
808 3146 870 3211 alia
889 3144 1007 3208 laetari
1025 3166 1059 3209 se
1075 3145 1153 3208 dixit
1170 3148 1226 3231 ip-

173 3264 237 3326 sius
258 3271 437 3346 conspectu.
477 3256 612 3349 Quoties
619 3305 629 3345 ,
653 3259 774 3343 inquit,
793 3267 826 3319 te
846 3252 941 3322 video
948 3300 959 3338 ‚
978 3257 1069 3316 toties
1089 3253 1226 3337 gaudeo.

259 3365 434 3457 Quaerenti
454 3365 666 3432 Heerhrando
691 3386 835 3448 causam,
862 3362 1041 3448 respondit:
1075 3362 1167 3426 Nam
1196 3377 1229 3428 et

180 3477 235 3540 Tu¹
257 3474 420 3540 ecclesiam
448 3473 590 3538 docendo
617 3473 759 3560 juvabis,
791 3473 886 3558 longe
913 3470 1040 3554 lateque
1065 3473 1227 3535 sinceram

177 3582 356 3647 doctrinam
380 3602 505 3669 sparges
531 3593 561 3645 et
581 3581 785 3671 propagabis‚
817 3566 879 3645 eris
899 3579 1045 3642 ecclesiae
1065 3580 1226 3663 praesidio

176 3707 208 3758 et
239 3676 439 3757 ornamento.
490 3689 561 3754 Nec
592 3691 682 3755 dictis
712 3690 809 3754 defuit
835 3700 976 3755 eventus.
1026 3685 1229 3774 Theologiae

177 3804 301 3868 Doctor
327 3799 379 3863 hie
401 3798 570 3865 solenniter
589 3800 805 3878 remandatus,
837 3805 1000 3882 praesente
1020 3806 1127 3880 patre,
1156 3818 1228 3861 nou

177 3909 277 3975 modo
307 3908 416 3972 locum
443 3907 552 3971 habuit
578 3913 660 3970 inter
685 3907 855 3990 primarios
877 3905 1037 3966 ministros
1044 3948 1055 3988 ,
1092 3919 1230 3968 vocatos

176 4015 416 4107 StuttgardIam,
452 4015 492 4080 ad
513 4013 820 4103 Wutembergicam
840 4011 1096 4101 Confessionem‚
1125 4017 1228 4102 scrip.
