2776 5124
180 344 236 411 too
386 333 439 403 nn
457 332 615 403 donam
633 333 795 424 Batauo,
817 333 1004 408 inomao.

175 523 288 591 agens,
315 496 498 566 ambitionis
519 500 598 569 vitio
617 521 653 569 ae
671 522 839 584 excusam
866 505 894 568 ei
913 503 1003 594 quod
1022 511 1226 601 peccavisset,

173 633 288 700 rogans
307 612 449 677 veniam.

252 720 446 785 Meritorum
472 720 539 804 ejus
567 718 607 784 de
634 733 742 786 nostra
762 719 877 787 Schola
903 743 973 788 non
997 724 1129 810 quidem
1154 729 1225 814 pri.

171 830 329 916 marium,
356 848 417 893 nec
436 839 544 891 tamen
563 827 690 892 nullum
709 827 771 893 hoc
790 842 855 915 est,
882 842 936 916 ut,
961 832 1048 916 quod
1064 833 1131 897 alio
1152 835 1225 902 loco

171 940 350 1026 exposuisse
367 955 427 1001 nos
446 956 515 1000 non
533 935 710 1000 admodum
729 939 888 1023 poenitet,
913 934 1069 1004 obtineret
1087 963 1108 1004 a
1124 942 1226 1009 Prin-

171 1050 256 1134 cipe,
289 1044 536 1112 renuntiationes
558 1045 720 1130 graduum
746 1043 1002 1108 academicorum
1028 1070 1098 1114 non
1125 1049 1225 1116 abro-

169 1154 290 1242 gandos
310 1173 390 1234 esse,
421 1151 509 1238 quod
533 1151 588 1216 ille
611 1173 632 1214 a
649 1151 858 1236 Zwinglianis
876 1151 937 1216 sibi
956 1153 1022 1218 fere
1035 1157 1225 1242 persuaderi

167 1282 276 1348 passus
295 1259 412 1346 fuerat,
432 1259 487 1324 sed
505 1259 688 1346 probandas
706 1281 772 1323 esse
791 1272 884 1345 atque
903 1256 1058 1348 perpetuo
1077 1287 1138 1330 usu
1153 1289 1225 1332 ser-

167 1369 304 1451 vandas3
339 1389 535 1457 quamquam
561 1368 636 1456 Ipse
658 1368 845 1454 dignitatem
865 1366 1060 1457 Theologiae
1079 1373 1225 1451 doctoris

167 1501 335 1566 nunquam
356 1489 538 1563 assectatus,
562 1498 600 1540 ea
620 1488 703 1541 certe
723 1482 750 1541 si
770 1480 839 1563 quis
860 1477 939 1544 alius
959 1479 1175 1567 dignissimus.

249 1587 362 1673 Itaque
380 1583 529 1648 Brentius
555 1597 616 1670 est,
645 1587 701 1669 qui
722 1583 833 1671 nobis,
863 1609 943 1672 qnae
963 1589 1058 1655 hodie
1077 1597 1222 1687 agimus,

165 1695 309 1761 solennia
325 1685 465 1780 paravit
503 1691 666 1778 Legitime
686 1704 722 1755 ut
740 1692 853 1757 eadem
870 1711 1075 1787 peragantur,
1102 1705 1224 1772 accedit

165 1825 251 1868 nunc
271 1807 367 1868 etiam
387 1802 499 1888 venia,
520 1820 618 1887 quam
636 1796 866 1870 humanissime
886 1810 1038 1897 requiris,
1060 1812 1113 1876 vir
1126 1834 1223 1899 apec-

164 1906 343 1980 satissime?
712 1980 716 1989 ,
748 1920 751 1925 ’

247 2021 349 2105 Igitur
363 2016 459 2111 libi,
478 2017 505 2083 J
506 2021 602 2086 oanni
621 2019 785 2089 Friderioo
799 2021 909 2114 Gaab,
928 2024 1063 2090 Decano
1084 2039 1116 2092 et
1131 2026 1220 2094 Pro-

163 2130 300 2206 motori,
927 2164 937 2184 ι

246 2236 336 2321 Ego,
364 2235 468 2320 regiae
494 2233 672 2304 litterarum
698 2244 911 2313 universitatis
934 2241 1167 2333 Cancellarius,
1199 2266 1220 2310 a

157 2346 249 2430 regia
267 2341 431 2428 Majestate
459 2348 660 2433 constitutus,
692 2349 817 2434 publice
837 2364 868 2415 et
886 2351 1058 2417 solenniter
1072 2352 1219 2416 Veniam

159 2452 397 2540 largioratque
422 2455 641 2519 auctoritatem
661 2456 809 2547 confero,
834 2463 1117 2545 praestantissimos
1136 2457 1218 2525 hos-

160 2581 196 2625 ce
220 2556 425 2643 Candidatus,
455 2581 594 2645 quorum
613 2569 762 2650 nomina,
794 2591 853 2634 nec
873 2576 1006 2637 nomina
1022 2570 1139 2656 solum,
1160 2568 1216 2634 sed

159 2677 191 2731 et
209 2671 384 2753 promerita
402 2671 512 2733 recitat
530 2666 744 2757 Programma
763 2676 902 2759 editum,

284 2775 415 2838 Artium
446 2774 625 2840 liberalium
654 2793 686 2844 et
713 2781 932 2873 philosophiae
958 2772 1128 2875 magistros
1156 2798 1213 2850 ae'n

284 2882 440 2947 Doctores
460 2884 605 2972 creandi,
626 2901 658 2953 et
675 2890 753 2958 tales
772 2894 1012 2960 renuntiandi-'-
1040 2890 1044 2899 ¹

1071 3027 1159 3095 Dixi.
