2776 5124
386 451 600 520 Wtrunnnos
621 452 821 520 Scnrcuaun.
1061 462 1118 521 163

73 618 285 703 proportione
303 616 510 705 angulorum,
538 615 763 683 studiosissime
786 631 902 704 „noctu
923 637 996 681 cum
1016 624 1124 705 quies·

74 747 167 805 cere,
202 737 235 790 et
260 724 397 788 interdiu
423 746 550 811 quoque
578 748 653 789 curn
679 729 773 791 sacris
793 725 1121 814 vacareadebuissetf‘

76 837 234 920 quaesivit
265 835 380 919 (Epist.
401 833 554 920 Keppler.
575 856 649 920 pag.
669 834 759 918 669).
808 833 879 898 Nec
904 855 1003 919 pauca
1027 850 1118 923 sunt,
1207 853 1212 862 “

76 964 161 1029 qnae
184 941 315 1029 posthac
339 945 373 1005 in
398 941 490 1006 rebus
509 941 737 1007 mathematicis
758 941 812 1009 vel
830 943 1023 1028 expeditiora
1041 945 1119 1009 red-

76 1051 160 1115 didit
178 1053 231 1117 vel
251 1055 401 1136 certiora,
421 1057 501 1135 quae
515 1073 594 1118 vero
608 1073 685 1139 ego,
705 1049 916 1135 diffidentior,
936 1051 1022 1116 malo
1037 1052 1121 1116 alio-

75 1183 155 1226 rum
172 1185 272 1247 quam
291 1182 382 1224 meae
401 1160 612 1223 aestimationi
630 1156 817 1243 relinquere.

160 1271 202 1335 In
229 1270 410 1356 linguarum
433 1281 541 1330 autern
560 1264 664 1329 studio
685 1277 751 1329 erat
769 1265 878 1329 doctus
897 1263 963 1330 fere
983 1265 1022 1330 ad
1043 1289 1123 1354 pro-

75 1378 213 1464 digium.
262 1378 393 1442 Praeter
421 1375 578 1441 Gallicam
606 1372 812 1458 Italicamque
839 1372 969 1436 callebat
997 1395 1123 1462 quoque

78 1489 300 1574 Hispanicam.
355 1483 550 1565 Orientales,
590 1493 715 1565 praeter
750 1479 918 1546 hebraeam
952 1505 1051 1568 quam
1085 1505 1125 1547 ex

77 1597 216 1660 Matthia
237 1593 458 1658 Hafenreffero
477 1595 571 1654 etiam
590 1589 707 1676 hausit,
733 1610 790 1654 sua
808 1591 906 1655 solius
930 1593 1124 1657 institutione

75 1705 189 1768 didicit
209 1704 358 1787 demum,
385 1723 459 1764 cum
481 1702 548 1784 jam
568 1698 727 1784 professor
745 1697 827 1764 esset
849 1705 1043 1767 constitutus.
1063 1702 1124 1767 'Et

77 1813 236 1879 Arabicae
256 1810 403 1897 quidem,
428 1811 516 1894 cujus
535 1830 621 1874 anno
645 1817 723 1876 1620
743 1797 945 1875 rudisadhuc
960 1821 1042 1898 erat,
1060 1794 1128 1874 'ad-¹

77 1920 247 1985 dIscendae
264 1922 462 1982 occasionem
474 1915 583 1980 habuit
596 1917 687 2002 (Hoc
698 1919 883 2006 intelligitur
898 1922 1017 2006 exejus
1025 1921 1124 2008 Epist.

78 2030 123 2094 ad
141 2029 353 2114 Kepplerum,
376 2018 457 2092 dd.
480 2034 516 2092 19
532 2027 625 2092 Febr.
645 2029 758 2116 1620),
778 2052 817 2092 ex
837 2051 894 2116 e0,
914 2031 1001 2118 quod
1019 2032 1123 2102 Janus

79 2137 254 2218 Gruterus,
284 2139 341 2221 qui
365 2148 436 2199 tum
455 2134 668 2221 Heidelberga
692 2136 780 2224 exul,
807 2159 828 2202 a
846 2137 964 2205 Lansio
990 2141 1125 2210 domum

75 2257 240 2330 receptus,
268 2244 320 2306 hic
340 2242 487 2330 degebat,
513 2243 634 2309 Corani
659 2245 821 2332 exemplar
844 2232 997 2335 scriptum
1018 2273 1126 2318 secum

79 2353 241 2438 attulerat,
273 2352 360 2437 qnod
383 2350 589 2416 Schickardns
616 2351 657 2415 ab
684 2336 754 2439 ipso
777 2369 925 2420 mutuum
949 2360 1128 2444 accipiebat.
1213 2428 1215 2432 ,

79 2461 138 2526 Ad
151 2459 324 2525 Arabicam
343 2463 469 2523 accessit
488 2459 692 2547 Aethiopica,
712 2481 810 2547 quam
826 2487 864 2528 ex
878 2465 946 2530 sola
960 2467 1128 2537 collatione

82 2595 160 2638 cum
185 2570 321 2634 hebraeo
345 2569 508 2655 addidicit,
535 2581 572 2631 ut
590 2571 657 2655 ipse
675 2567 816 2635 Lexicon
835 2583 867 2636 et
888 2580 1129 2658 grammaticam

81 2683 120 2745 in
140 2659 280 2765 privatos
299 2698 373 2740 usus
394 2679 452 2740 sibi
466 2675 647 2757 adornaret3
670 2681 798 2742 accessit
811 2676 925 2744 deinde
939 2685 1035 2746 etiam
1046 2684 1129 2752 Per-

81 2791 149 2853 sica
169 2808 205 2850 ac
225 2787 359 2848 Turcica
379 2783 437 2868 (ad
456 2784 672 2872 Kepplerum,
693 2785 725 2852 d.
744 2785 778 2850 d.
790 2785 841 2850 XI
856 2787 938 2875 Apr.
957 2790 1064 2877 1623).

172 2893 282 2985 Quam
309 2913 389 2958 vero
415 2893 573 2958 fructuosa
600 2897 636 2957 in
664 2914 703 2957 eo
728 2893 821 2959 fuerit
847 2894 925 2959 haec
953 2909 1019 2960 tam
1042 2914 1132 2969 vasta

82 3003 269 3088 linguarum
302 3005 428 3086 peritia,
462 3002 547 3086 quod
574 3013 654 3064 esset
685 3001 797 3065 eadem
824 3025 898 3066 cum
925 3010 988 3067 acri
1013 3007 1130 3092 judicio

84 3114 271 3196 conjuncta,
295 3109 512 3172 demonstrant
531 3107 631 3170 multa
651 3121 682 3170 et
699 3109 859 3192 praeclara
878 3131 974 3196 opera
992 3113 1034 3176 ab
1054 3115 1131 3200 Ipso

63 3226 123 3286 'in
147 3220 251 3282 lucem
279 3217 373 3282 edita.
421 3214 634 3301 Horologium
662 3215 788 3303 linguae
814 3215 977 3282 hebraicae
1005 3233 1135 3289 externa

85 3329 219 3417 quidem
240 3331 341 3412 specie
360 3340 454 3391 tenue
475 3326 677 3414 opusculum,
698 3339 852 3413 quantum
866 3350 981 3414 quaeso
995 3310 1141 3397 fructum

85 3437 196 3503 tulisse
222 3436 414 3499 censendum
440 3439 547 3500 estin
572 3435 796 3520 promovendo
822 3435 985 3502 hebraicae
1004 3440 1130 3528 linguae

86 3546 208 3633 studio,
243 3566 318 3607 cum
351 3543 393 3605 ob
421 3542 590 3608 mirificam
617 3558 857 3631 praeceptorum
886 3553 1131 3623 concinnitatem.

87 3677 165 3717 cum
189 3658 328 3718 maxima
352 3652 505 3719 brevitate
530 3656 731 3738 conjunctam
755 3652 822 3717 lere
843 3655 1024 3744 quadragies
1043 3665 1129 3748 typis

87 3767 258 3848 repetitum
277 3769 332 3849 sit,
361 3767 456 3825 etiam
475 3765 510 3824 in
530 3760 642 3847 Belgio
663 3774 756 3847 atque
776 3760 900 3850 Anglia,
932 3766 1032 3830 ethic
1054 3773 1127 3853 qui-

90 3869 167 3933 dem
193 3869 324 3934 demum
350 3879 441 3956 1722,
470 3868 611 3957 adeoque
635 3871 831 3958 perintegri
848 3873 963 3938 saeculi
983 3885 1015 3938 et
1040 3878 1126 3962 quod

89 3981 228 4044 excurrit
248 3984 384 4069 spatium
402 3998 548 4068 regnasse
565 3981 600 4044 in
620 3977 735 4045 scholis
754 3978 936 4066 diciqueat.
978 3980 1127 4066 Infundi.

847 4096 880 4155 ll
900 4087 918 4124 ²*
