2776 5124
166 383 226 446 136
255 348 263 364 l
524 375 599 444 Jtc.
621 377 840 484 Hmaantrn,

160 539 252 608 rebat
276 541 429 628 temporis
456 543 637 633 ingenium,
670 544 765 611 illum
792 546 970 614 vocitarent
996 543 1214 639 Hoellbranrl,

162 649 354 718 infernalem
379 653 534 717 titionem.
584 653 739 743 Neglecta
764 653 842 720 baec
863 667 952 739 sunt,
983 655 1123 722 obsoleta
1150 674 1221 726 sunt

162 760 223 828 bac
236 775 348 840 nostra
369 774 487 849 aetate,
501 776 537 828 ut
556 766 704 853 vicissim,
721 777 829 831 nostra
844 775 929 830 aetas
946 786 1028 852 quae
1046 766 1130 851 tulit,
1147 768 1220 854 plu-

164 873 249 938 rima
274 869 415 936 obsoleta
438 884 531 936 erunt
550 876 694 959 posteris.
733 873 778 939 At
803 886 876 938 sunt
898 885 1008 940 tamen
1030 878 1112 960 duo,
1143 897 1223 964 qnae

165 981 256 1047 nullo
286 1001 355 1046 non
384 991 530 1066 tempore
557 986 698 1068 pretium
729 980 875 1047 habitura
905 982 1072 1076 videntur,
1109 983 1223 1050 Oratio

165 1087 308 1155 funebris
328 1087 369 1154 de
382 1083 466 1154 Phil.
481 1088 747 1176 Melanchthone,
776 1103 809 1158 et
825 1090 1063 1178 Compendium
1078 1090 1223 1181 The⁰l⁰7

165 1201 284 1288 gicum.
640 1199 652 1217 '

251 1306 351 1373 Anno
370 1309 583 1396 sexagesimo,
612 1320 687 1372 'cum
702 1310 821 1374 mensis
835 1309 917 1396 MaJi
939 1308 990 1374 die
1007 1330 1094 1374 nona
1109 1333 1151 1375 ex
1168 1311 1223 1376 lit-

165 1416 241 1481 teris
269 1417 310 1480 ad
333 1439 367 1482 se
392 1419 515 1504 scriptis
545 1418 713 1501 accepisset
737 1416 965 1483 Heerbrandus
1004 1421 1158 1483 nuntium
1185 1418 1224 1482 dc

167 1541 274 1595 morte
293 1527 567 1616 Melanclithonis,
601 1525 671 1609 ipse
691 1547 769 1589 mox
789 1526 840 1591 die
862 1527 984 1590 decima
1009 1529 1120 1612 quinta
1139 1529 1226 1613 ejus-

169 1616 247 1703 ilem
268 1641 386 1703 mensis
402 1640 587 1702 orationem
601 1632 727 1720 publice
751 1633 861 1698 babuit
883 1635 918 1698 in
939 1631 1063 1697 obitum
1085 1637 1152 1701 viri
1173 1638 1226 1698 in-

171 1745 412 1833 comparabilis,
445 1747 528 1810 intra
559 1745 625 1810 dies
652 1756 788 1829 quatuor
813 1746 1042 1829 conscriptam,
1072 1742 1130 1806 sed
1159 1746 1226 1806 exi-

107 1865 111 1871 '
172 1855 292 1942 miam,
315 1854 524 1933 luculentam,
552 1876 633 1940 qnae
649 1853 752 1917 multa
769 1852 865 1918 refert
882 1855 989 1917 minus
1008 1848 1156 1938 vulgata,
1173 1854 1227 1916 in*

103 1982 116 1993 ⁶
171 1966 284 2051 primis
302 1961 343 2027 de
357 1963 451 2028 rebus
458 1961 715 2028 Melanchthonis
729 1957 993 2046 Tulingensibns.
1021 1958 1134 2051 Quam
1148 1982 1226 2030 vero

134 2090 135 2100 ¹
173 2071 270 2159 plena
289 2074 329 2138 sit
348 2073 471 2158 pietatis
487 2070 631 2157 discipuli
648 2090 722 2158 erga
736 2079 971 2156 praeceptores,
993 2073 1176 2157 cognoscite
1191 2093 1228 2138 ex

174 2178 269 2252 brevi
285 2180 348 2246 hoc
368 2180 527 2245 dictorum
549 2182 735 2266 specimine:

260 2287 331 2377 Ego
351 2300 452 2375 certe,
479 2291 538 2353 etsi
555 2288 657 2376 probe
675 2309 768 2352 meae
787 2289 945 2354 tenuitatis
966 2288 1048 2354 mihi
1064 2293 1128 2356 sim
1149 2312 1229 2358 con·

219 2399 320 2482 scius,
347 2420 408 2463 nec
428 2409 553 2462 tantum
572 2397 764 2484 profecerim
780 2399 840 2464 hoc
856 2411 1058 2486 praeceptore
1073 2413 1230 2486 qnantum

220 2503 412 2592 debueram,
435 2517 543 2582 tamen
559 2505 642 2569 hanc
659 2527 820 2571 summam
833 2505 1029 2595 felicitatem,
1051 2528 1133 2592 quae
1150 2508 1230 2572 mibi

221 2614 374 2682 interris
402 2617 588 2701 contingere
613 2619 730 2701 potuit,
758 2614 883 2700 judic0,
919 2614 1006 2701 qnod
1030 2614 1130 2703 mihi,
1163 2628 1229 2682 toto

222 2723 459 2810 quinquennio,
488 2721 568 2787 duos
591 2723 667 2787 istos
686 2723 829 2809 Heroas,
857 2723 1035 2788 Martinum
1051 2724 1231 2793 Lutherum

222 2834 295 2899 dico
316 2847 347 2899 et
366 2833 450 2899 Phil.
468 2831 769 2921 Melancbtbonem,
804 2844 1024 2920 praeceptores
1041 2856 1133 2900 meos
1154 2858 1233 2924 per-

222 2928 318 3030 petua
336 2942 537 3012 observantia
557 2943 722 3029 colendos,
743 2941 892 3007 audiendi
912 2944 1004 3028 copia
1023 2945 1063 3006 sit
1081 2943 1174 3013 facta.

263 3053 305 3118 Et
328 3053 415 3141 quod
432 3053 582 3119 Irenaeus
603 3050 846 3138 cholycarpo,
865 3050 922 3135 qui
941 3048 1043 3114 fuerat
1062 3049 1233 3139 discipulus

222 3160 361 3227 Joannis
376 3161 532 3250 Apostoli,
549 3160 718 3228 scribit-
736 3158 771 3222 id
789 3156 830 3222 de
847 3178 903 3221 me
920 3161 1085 3227 verissime
1099 3182 1233 3247 possum

224 3271 403 3358 affirmare,
428 3292 482 3334 me
501 3269 608 3335 adhuc
630 3292 698 3336 non
717 3267 817 3333 modo
833 3287 930 3336 voces
948 3264 1066 3331 horum
1084 3271 1232 3337 virorum

223 3381 259 3444 in
283 3378 410 3443 auribus
435 3382 603 3446 tinnientes
627 3376 749 3465 audire,
780 3375 836 3440 sed
858 3373 938 3440 adeo
959 3378 1110 3442 tenaciter
1129 3384 1233 3446 menti

223 3488 500 3575 meaeinsculptas
521 3501 552 3554 et
573 3491 742 3576 impressas
761 3487 851 3574 quasi
868 3487 1014 3572 ipsorum
1032 3481 1175 3574 effigies,
1196 3510 1233 3553 ac

224 3599 251 3662 si
270 3594 368 3660 oculis
385 3593 470 3661 hisce
485 3610 665 3684 praesentes
683 3617 794 3662 coram
813 3596 954 3659 assistere
970 3615 1150 3683 cernerem,
1175 3601 1230 3663 iis-

224 3724 287 3790 que
306 3725 360 3768 me
378 3725 470 3792 saepe
485 3704 625 3787 oblecto,
655 3727 691 3770 ac
711 3702 821 3792 spero,
848 3727 903 3769 mc
922 3726 980 3770 suo
997 3693 1142 3791 tempore
1160 3706 1231 3772 illos

192 3844 195 3848 ·
221 3816 257 3878 in
284 3812 374 3877 beata
393 3815 446 3878 illa
466 3818 531 3881 vita
552 3816 656 3879 denno
677 3796 840 3900 visurim‘,
869 3812 961 3899 (cum
986 3813 1065 3898 illis)
1088 3814 1230 3880 collocu-

219 3934 327 3987 turum
350 3944 386 3986 ac
398 3935 679 3992 conversaturum.

985 4060 1003 4089 'l
