2776 5124
192 437 251 500 196
499 430 582 517 Vm
602 430 757 497 Miirruur
776 449 921 497 naemu

187 621 265 688 puer
284 597 512 687 frequentaret:
540 597 595 663 sed
615 595 786 662 commode
806 596 934 686 accidit,
964 604 1001 661 ut
1019 597 1140 667 aeditui
1157 605 1245 676 tutu,

183 711 258 798 pagi
276 731 371 797 uxor,
396 708 506 772 indole
525 708 617 795 pueri
635 718 741 793 mota,
764 707 950 794 germanice
970 706 1064 772 illum
1083 710 1191 799 legere
1211 729 1245 782 et

183 819 320 890 scribere
347 818 488 898 doceret3
523 818 644 881 latinas
668 816 787 880 litteras
807 818 875 902 ipse
895 837 934 879 ex
953 817 1161 886 similitudine
1181 846 1243 889 co-

184 932 287 1016 gnitas
314 927 373 991 sibi
399 924 550 1005 reddidit3
578 907 720 990 hahebat.
737 945 839 1010 nunc,
869 922 983 1010 quibus
1004 928 1154 992 animum
1173 931 1242 998 dis-

183 1036 275 1100 cendi
301 1035 434 1104 avidum
458 1036 562 1120 magIs
586 1037 751 1122 magisque
777 1034 958 1120 cognitione
982 1032 1162 1102 litterarum
1183 1041 1240 1106 in-

107 1200 111 1206 ,
181 1157 329 1227 strueret3
369 1145 534 1230 otiumque
564 1144 647 1208 inter
679 1141 867 1206 domesticos
897 1140 1066 1217 diversorii
1091 1150 1240 1234 strepitus

182 1255 334 1340 expleret3
371 1251 505 1321 vixdum
530 1254 671 1316 octennis
690 1250 871 1314 Bibliorum
889 1249 1046 1318 volumen
1073 1255 1236 1342 integrum

180 1361 228 1426 bis
254 1365 320 1447 jam
340 1363 530 1448 perlegerat,
560 1371 597 1423 ut
615 1359 759 1423 historias
778 1358 853 1422 iude
873 1371 905 1424 et
923 1361 1070 1446 exempla
1093 1363 1136 1426 ad
1156 1367 1235 1430 imi-

178 1470 312 1535 tandum
332 1484 459 1556 promte
478 1480 583 1556 posset
597 1489 862 1533 commemorare.
902 1466 1027 1532 Accidit
1041 1489 1128 1534 anno
1143 1495 1236 1538 sexa-

179 1582 300 1666 gesimo
328 1600 433 1665 nono,
466 1601 540 1641 cum
565 1600 687 1640 annum
711 1589 819 1663 ageret
843 1587 1010 1664 octavum,
1037 1590 1074 1642 ut
1092 1580 1129 1644 in
1149 1602 1233 1671 pago

178 1689 304 1775 vicino,
326 1686 519 1771 Senshemii,
536 1685 648 1748 ludum
663 1688 798 1772 aperiret
811 1684 874 1747 loci
886 1697 1007 1771 pastor;
1028 1684 1116 1751 hunc
1130 1692 1232 1756 trien-

177 1798 270 1860 nium
297 1800 457 1882 integrum
485 1800 528 1858 ita
556 1795 767 1878 frequentavit
791 1807 1048 1882 perseveranter,
1081 1809 1118 1860 ut
1146 1799 1233 1864 nulla

177 1908 369 1990 tempestatis
390 1908 516 1988 ⁸ratione
542 1903 665 1988 habita,
699 1901 847 1989 hyberno
874 1907 970 1967 etiam
993 1914 1157 1992 tempore,
1187 1907 1234 1974 bis

93 2024 108 2043 '‘
177 2014 306 2099 singulis
328 2013 436 2077 diebus
460 2034 497 2075 eo
518 2015 578 2074 iret
597 2011 729 2098 rediret,
759 2023 844 2075 tanta
863 2033 937 2075 usus
958 2010 1101 2076 discendi
1120 2014 1233 2078 alacri-

149 2108 238 2184 ‘tue
265 2135 295 2184 et
322 2124 512 2208 constantia,
546 2132 581 2182 ut
605 2121 710 2184 nullus
731 2120 962 2206 discipulorum
980 2120 1131 2186 lectiones
1152 2123 1230 2188 red-

177 2231 264 2294 deret
287 2235 460 2317 promtius,
486 2229 592 2294 nullus
613 2230 694 2295 dicta
712 2233 862 2293 retineret
880 2230 1032 2296 tenacius.
1080 2229 1231 2296 Domum

176 2337 291 2402 eludo
316 2361 479 2425 reversus,
509 2340 544 2402 in
565 2336 695 2401 taberna
720 2342 804 2402 inter
829 2338 1008 2401 inconditos
1029 2337 1231 2423 ebriosorum

175 2444 345 2532 clamores,
365 2450 432 2531 ipse
452 2445 579 2510 auribus
600 2448 773 2531 animoque
793 2468 923 2514 aversus
942 2458 1040 2534 totus,
1064 2447 1179 2514 litteris
1197 2472 1230 2514 se

174 2553 282 2639 dabat,
313 2553 419 2616 audita
445 2554 621 2640 repetebat,
648 2558 810 2640 proposita
836 2558 1013 2618 memoriae
1039 2557 1227 2642 mandabat3

172 2684 231 2726 nec
256 2686 335 2749 puer
363 2685 506 2748 unquam
535 2676 719 2748 conspectus
746 2674 793 2727 est
815 2666 883 2728 sine
905 2661 1003 2749 libra,
1036 2658 1143 2749 quem¹
1156 2687 1224 2732 nou

171 2769 302 2859 legeret,
326 2794 422 2857 quem
441 2792 508 2834 non
528 2783 717 2858 excelperet.

254 2880 359 2943 Matre
376 2879 502 2944 orbatus
523 2901 608 2944 anuo
623 2881 854 2967 septuagesimo
868 2881 959 2946 tertio
976 2879 1110 2971 (1573),
1131 2897 1224 2951 natus

170 2986 277 3053 annos
291 2988 474 3075 duodecim,
504 3010 678 3054 novercam
694 2992 825 3076 accepit,
845 3010 927 3073 quae
943 2992 1131 3076 privignum
1147 3015 1223 3056 om-

169 3099 218 3162 nis
240 3102 362 3184 generis
383 3096 543 3161 laboribus
562 3101 606 3160 ita
626 3097 806 3183 exercebat,
833 3109 869 3159 ut
887 3100 985 3160 miser
1005 3101 1060 3164 vix
1080 3105 1223 3185 respira-

168 3228 219 3292 re,
241 3205 360 3268 nedum
380 3207 467 3270 libris
481 3229 594 3299 vacare
610 3220 724 3294 posset.
764 3209 862 3272 Nunc
878 3231 950 3274 sues
968 3230 1114 3298 pascere,
1135 3235 1223 3276 nunc

167 3334 278 3380 vaccas
302 3319 333 3376 in
354 3330 443 3400 prata
464 3316 591 3402 ducere,
623 3340 709 3381 nuuc
729 3319 839 3386 vineas
859 3318 979 3406 eplere,
1008 3308 1096 3382 uunb
1117 3319 1222 3385 debita

168 3419 241 3484 hinc
269 3424 342 3484 inde
370 3447 427 3507 per
456 3449 553 3509 pagos
582 3429 740 3491 crusticis
768 3427 931 3513 potoribus
961 3430 1099 3514 exigere,
1132 3451 1220 3492 nunc

74 3563 77 3568 -
166 3527 250 3613 ligna
271 3529 406 3616 findere,
431 3535 549 3595 stabula
571 3543 725 3620 purgare,
745 3536 867 3622 aliaque
888 3535 1015 3600 sordida
1033 3536 1138 3599 facere
1161 3559 1218 3600 co-

165 3650 261 3701 actus.
303 3638 448 3705 Obtinuit
466 3642 595 3704 tandem
616 3665 634 3705 a
656 3647 786 3731 vitrico,
813 3645 958 3731 precibus
978 3644 1103 3731 multis,
1125 3656 1165 3709 ut
1183 3667 1215 3710 se

162 3743 270 3830 aliquo
292 3748 468 3813 studiorum
490 3772 580 3814 causa
600 3754 765 3818 amitteret.
806 3752 931 3837 Placuit
943 3750 1214 3841 Rothenburgum

163 3850 206 3913 ad
225 3851 404 3942 Tuberam,
438 3857 494 3920 ubi
519 3861 714 3925 avunculum
733 3860 884 3950 habebat,
909 3862 1126 3944 scriniarium,
1151 3861 1215 3927 ho-

163 3962 288 4028 minem
309 3964 417 4030 indole
442 3965 647 4053 moribusque
670 3971 842 4035 immitem.
887 3967 953 4036 Hic
976 3970 1128 4058 quamvis
1154 3990 1216 4036 an-
