2776 5124
267 1140 338 1233 Qui
361 1141 426 1208 alio
451 1156 615 1235 tempore,
643 1146 762 1236 Vobis,
791 1162 827 1216 ut
853 1148 1003 1236 equidem
1020 1151 1132 1220 videre
1150 1155 1232 1220 mihi

183 1249 332 1339 videbar,
352 1251 438 1317 haud
454 1255 551 1341 plane
568 1255 838 1343 improbantibus,
860 1259 959 1325 verlm
979 1259 1040 1324 feci
1056 1261 1095 1326 de
1109 1262 1231 1328 littera-

182 1380 259 1423 rum
286 1360 371 1447 apud
397 1361 519 1427 Turcas
551 1361 611 1426 hac
637 1377 743 1426 nostra
772 1381 871 1429 aetate
898 1368 1020 1433 cultura
1047 1392 1084 1434 ac
1109 1371 1231 1458 studio,

182 1491 286 1556 nunc,
311 1476 474 1536 occasione
492 1476 535 1535 ita
555 1471 690 1559 ferente,
711 1486 816 1540 vestra
838 1497 911 1537 curn
936 1480 1048 1562 venia,
1067 1478 1154 1563 quod
1173 1501 1230 1545 su-

179 1590 285 1662 perest
304 1583 482 1664 argumenti
500 1581 707 1670 subjungam,
727 1580 866 1648 dicturus
886 1587 1041 1649 nonnulla

305 1688 345 1749 de
367 1685 585 1772 typographia
612 1689 748 1751 ancica
772 1688 1142 1775 Constantinopolitano.

263 1794 378 1880 Neque
404 1816 483 1860 vero
506 1796 717 1882 typographia
735 1802 840 1862 omnis
861 1801 951 1861 omni
970 1811 1115 1887 tempore
1135 1802 1228 1871 Con-

175 1902 382 1988 stantinopoli
402 1901 542 1966 exulasse
561 1906 700 1988 putanda
716 1920 775 1972 est.
812 1907 941 1970 Etenim
957 1906 1011 1969 diu
1030 1922 1085 1994 est,
1102 1934 1142 1975 ex
1160 1935 1226 1999 quo

176 2009 296 2072 ludaei
319 2011 438 2074 ibidem
459 2013 526 2096 ejus
548 2012 741 2076 exercendae
760 2018 886 2078 initium
907 2014 1065 2103 fecerunt,
1091 2018 1227 2103 sedita,

175 2130 214 2181 nt
237 2117 278 2182 ad
300 2140 379 2183 snae
404 2124 505 2205 gentis
525 2123 664 2185 rationes
683 2126 776 2186 unice
796 2126 906 2185 omnia
925 2121 1088 2189 referrent.
1130 2127 1226 2193 Extat

173 2228 400 2316 pentateuchus
419 2226 790 2317 ,hebraeo-chaldaicus,
819 2250 904 2292 anno
926 2232 992 2314 jam
1013 2232 1128 2319 (1505)
1147 2235 1227 2298 mil·
1267 2254 1269 2258 ·

173 2335 287 2399 lesimo
319 2340 573 2421 quiragenteSImo
609 2339 721 2422 quinto
754 2338 875 2401 ibidem
910 2336 1011 2402 editus
1045 2359 1064 2402 a
1091 2339 1227 2408 Judaeis

173 2443 330 2529 Hispania
358 2444 471 2530 pulsis,
511 2444 652 2530 aliusque
687 2444 727 2508 ab
758 2445 819 2510 hoc
850 2445 1011 2533 diversus,
1051 2450 1107 2534 qui
1135 2471 1224 2516 anno

171 2554 269 2619 seculi
298 2553 411 2615 decimi
445 2557 524 2632 sexti
557 2558 710 2620 vicesimo
736 2552 875 2618 secundo
899 2555 1026 2644 prodiit.
1075 2555 1224 2643 Utroque

171 2664 276 2728 multo
296 2660 543 2753 memorabilior
573 2674 619 2725 est
645 2662 870 2749 pentateuchus
897 2659 1224 2751 Constantinopolita-

171 2795 233 2838 nus
249 2754 467 2857 tetraglottus‘J
481 2754 1141 2857 hebraeo-chaldaeo-persico-arabicus,
1161 2795 1222 2836 ex·
1245 2828 1249 2835 .

171 2901 262 2944 cusus
310 2899 397 2941 anno
435 2877 532 2940 seculi
567 2878 682 2942 decimi
720 2882 799 2942 sexti
835 2877 1075 2963 quadragesimo
1114 2893 1220 2968 sexto,

170 3010 268 3076 quem
296 3007 373 3049 mox
401 2989 549 3071 proximo
577 3007 662 3049 anno
689 3002 812 3050 secutus
840 2999 886 3048 est
911 2985 1007 3071 alius,
1037 2984 1218 3075 hebraicus,

170 3096 364 3181 chaldaicus,
392 3093 571 3178 hispanicus
590 3105 621 3157 et
640 3092 948 3178 barbaro-graecus,
989 3091 1114 3180 Imm0‚
1141 3108 1219 3160 teste

168 3204 363 3290 Toderini0‚
391 3201 484 3277 huius
509 3204 611 3265 nostri
636 3201 750 3264 sacculi
773 3220 859 3264 anno
887 3198 1019 3265 demum
1040 3201 1220 3288 quadrage-

166 3318 250 3379 simo
270 3312 408 3378 secundo
429 3311 548 3398 prodiit
557 3309 833 3395 ConstantInopoli
848 3309 1072 3396 pentateuchus
1087 3309 1219 3373 hebrai-

166 3444 221 3487 cus
242 3428 382 3508 quinque
402 3421 606 3488 voluminum
624 3423 658 3482 in
680 3424 740 3506 40,
767 3424 822 3504 qui
846 3417 1001 3505 adjectam
1021 3418 1115 3483 habet
1137 3443 1216 3486 vet-

165 3535 289 3594 sionem
316 3529 512 3616 hispanicam
537 3548 612 3591 cum
639 3531 869 3590 commentario
897 3528 1034 3591 Raschii.
1075 3529 1215 3593 Armeni

164 3642 262 3703 etiam
283 3637 473 3725 Graecique,
485 3657 553 3699 non
574 3647 680 3697 carent
703 3631 791 3698 libris
812 3633 1087 3722 Constantinopoli
1108 3637 1214 3704 edifiss

164 3759 196 3809 et
216 3745 250 3808 hi
269 3746 398 3831 quidem
418 3744 578 3830 reliquisse
596 3764 682 3806 nunc
703 3740 852 3808 videntur
872 3748 1036 3831 negotium
1057 3758 1211 3834 typogra-

163 3852 314 3943 phicurn,
332 3856 420 3921 libris
441 3866 563 3919 utentes
578 3849 668 3916 editis
680 3849 822 3938 Lipsiae,
841 3852 987 3917 Venetiis
1004 3865 1097 3940 atque
1114 3859 1209 3918 etiam

966 3966 1001 4026 15
