2776 5124
176 474 179 479 .
253 430 317 491 230
399 425 454 489 Dr
467 423 706 492 Tmoenrerun
723 425 1151 497 Tesc1crconmumor.
1163 432 1179 451 '¹

236 578 238 583 ’
336 587 605 676 Ibrahimus'ipse
624 594 808 677 conscripsit
825 589 986 678 ediditque
993 585 1136 681 trhrmn,
1161 597 1215 659 cui
1231 600 1312 662 titu-

254 703 336 768 lusa
355 698 567 764 fundamenta
587 703 735 763 scientiae
760 703 794 762 iu
814 698 998 765 ordinandis
1017 702 1159 788 populis,
1187 725 1257 793 [quo
1278 705 1312 771 id

253 800 422 895 praecipue
441 808 596 893 spectarit
613 820 738 891 auctor,
765 822 802 873 ut
827 813 985 873 rationem
1008 807 1087 874 belli
1104 811 1237 896 gerendi
1257 835 1313 878 ar-

252 930 384 1003 temque
400 917 589 1001 militarem,
617 916 718 1002 qualis
740 915 825 1004 apud
847 914 987 1002 'reliquas
1002 917 1039 983 in
1051 916 1186 1005 Europa
1202 933 1312 1006 gentes

253 1037 350 1113 esset,
372 1029 442 1090 suis
460 1023 700 1090 commendaret
716 1040 813 1111 atque
833 1025 874 1090 ad
892 1024 1085 1090 imitandum
1103 1042 1313 1114 proponeret.

255 1132 356 1227 Quod
381 1133 512 1219 quidem
537 1133 724 1221 consilium,
752 1136 810 1200 etsi
835 1146 907 1200 tum
930 1133 1063 1222 quidem
1090 1138 1162 1203 uim
1188 1137 1314 1202 nuttam

254 1240 414 1329 habuerit,
441 1241 629 1329 opusculum
654 1243 760 1328 ipsum
786 1254 897 1308 tamen
916 1255 1027 1330 postea
1045 1240 1184 1330 dignum
1204 1249 1313 1313 visum

256 1348 303 1416 'est
330 1346 553 1413 illustrissimo·
567 1345 764 1438 Rewiczky,
799 1348 952 1443 Caesaris*
972 1353 1174 1441 nunuapud
1201 1375 1314 1440 regem

251 1458 392 1546 'diagnae
419 1457 606 1522 Britanniae
632 1456 772 1545 Legata,
810 1481 908 1545 quem
933 1458 1065 1529 ‘Gallice
1095 1473 1313 1551 converteret,

256 1569 425 1654 ederetque
451 1567 600 1632 Viennae
628 1588 714 1633 anno
740 1572 936 1656 sexagesimo
964 1589 1073 1656 nono,
1106 1573 1314 1656 inscriptum:

252 1675 367 1741 Traitd
388 1674 429 1740 de
447 1674 611 1762 Tactique‘
623 1691 667 1730 -·-
686 1698 766 1762 quae
786 1675 882 1740 editio
903 1687 935 1743 et
952 1674 1085 1742 Parisiis
1102 1680 1237 1766 repetita
1258 1692 1314 1766 est,

255 1797 289 1850 et
301 1786 463 1850 ¹Viennae¹
476 1805 578 1870 nuper
599 1787 635 1848 iu
652 1785 862 1851 vernaculum
884 1805 1068 1851 sermonem
1084 1785 1251 1854 translata.

341 1890 406 1958 Sed
434 1878 718 1958 commemoranda
740 1896 944 1978 potissimum
967 1893 1135 1977 videntur,
1162 1914 1248 1980 quae
1274 1893 1313 1960 ad

259 1999 500 2087 Geographiam
528 2013 669 2087 spectant
696 2013 728 2065 et
750 1998 919 2067 historiam
946 2022 1053 2087 opera.
1100 2000 1143 2064 Et
1168 2023 1314 2086 geogra-

207 2180 217 2202 Ι
253 2108 388 2193 phiram
410 2108 542 2196 quidem
568 2129 648 2194 opus
667 2112 799 2173 unicum
817 2109 950 2195 prodiit,
982 2110 1171 2195 inscriptum
1188 2108 1313 2175 Dsche·

252 2216 338 2285 ditm
357 2215 487 2300 Numa,
513 2216 548 2285 h.
566 2239 599 2281 e.
618 2215 787 2303 descriptio
805 2215 909 2302 orbis,
936 2217 1022 2303 quod
1042 2215 1157 2280 tabulis
1175 2238 1315 2304 geogra-

153 2325 155 2330 ’
258 2324 361 2411 phicis
379 2328 508 2412 triginta
527 2347 664 2410 novem,
691 2327 757 2390 aeri
776 2327 883 2390 incisis
899 2336 1065 2400 ornatum,
1084 2326 1149 2408 agit
1170 2321 1333 2391 breviter'

254 2429 302 2494 *de
316 2431 403 2497 orbe
425 2434 596 2519 unitum,
629 2437 787 2520 copiosius
809 2447 918 2498 autem
939 2430 981 2496 de
997 2433 1174 2517 provinciis
1192 2429 1312 2512 Asiae,

250 2533 442 2625 ‘quaesunt
463 2541 601 2626 imperio
621 2542 796 2607 Osmanico
817 2539 988 2630 subjectam
1015 2537 1192 2624 diciturque
1211 2539 1316 2604 multa

261 2647 447 2736 complecti,
477 2669 559 2735 quae
575 2647 626 2720 ‚ad
647 2647 901 2733 cognoscendam
926 2669 1036 2713 earum
1060 2645 1230 2723 historiam
1254 2672 1316 2722 ve-

254 2774 394 2843 ramque
420 2755 638 2822 conditionem
654 2759 787 2842 egregie
806 2755 937 2819 faciant:
969 2765 1161 2841 quapropter
1177 2755 1315 2823 Franci-

256 2884 330 2954 earn
348 2866 457 2950 operis
473 2866 782 2932 versionemvservat'
801 2861 990 2928 bibliotheca
1006 2865 1093 2951 regia
1109 2862 1313 2945 Parisiensis3
1369 2944 1371 2950 Ι

257 2968 462 3060 ejusdemque
471 2975 585 3059 operis
597 2972 733 3038 Turcice
749 2970 863 3039 edendi
877 2973 1004 3037 initium
1019 2967 1313 3064 fecitNorhergius,

132 3088 137 3096 '
211 3152 212 3156 ,
255 3081 414 3170 professor
434 3080 624 3146 Lundensis.

248 3212 266 3253 ἢ
343 3191 506 3255 Historici.
525 3204 632 3256 autem
652 3194 832 3279 argumenti
851 3202 923 3257 sunt
943 3192 1050 3277 primo
1068 3185 1195 3255 tabulae
1213 3187 1315 3257 chro-

227 3318 245 3362 t
258 3297 444 3385 nologicae‚
463 3311 592 3365 auctore
610 3299 716 3365 Kateh
736 3298 936 3386 Dscheleby,
955 3299 1012 3384 qui
1031 3308 1063 3360 et
1076 3294 1222 3361 Hadschi
1235 3297 1314 3364 cal-

258 3405 313 3470 fah
333 3406 463 3492 dieitur,
483 3428 635 3492 quaeres
654 3421 755 3496 gestas
775 3410 904 3474 nonnisi
921 3404 1061 3472 breviter
1078 3419 1109 3469 et
1122 3413 1314 3472 summatim

247 3515 414 3595 ‘referunt3
450 3513 565 3580 deinde
589 3517 732 3582 Annales
761 3517 946 3600 Osmanici,
978 3512 1116 3584 Taarich
1142 3513 1247 3600 dicti,
1272 3515 1313 3580 ab

250 3621 462 3709 scriptoribus
489 3630 671 3699 auctoritate
696 3627 900 3712 imperatoria
926 3626 1099 3691 constitutis
1126 3623 1315 3710 compilatis

247 3743 290 3795 et
315 3729 483 3796 historiam
507 3735 635 3818 imperii
658 3739 816 3820 copiosius
841 3744 1048 3819 exponentes:
1075 3752 1220 3817 quorum
1242 3755 1314 3820 par,

257 3845 379 3926 prima,
408 3840 447 3904 ah
467 3841 651 3906 Hedsc'hrae
667 3863 752 3904 anno
768 3839 938 3917 millesimo
957 3840 999 3905 ad
1011 3841 1219 3905 millesimum
1236 3863 1314 3928 sep-

258 3955 470 4037 tuagesimum
489 3970 605 4040 usque²
633 3949 715 4018 edita
736 3962 780 4014 est
801 3947 1017 4018 voluminibus
1039 3947 1176 4036 duobus,
1198 3949 1313 4040 altera,
