2776 5124
274 1056 592 1130 LECTURIS
638 1061 676 1130 S.
726 1058 982 1132 EDIYOR.

505 1292 759 1308 m

190 1550 340 1620 Suaviter
353 1563 385 1622 et
404 1557 571 1642 concinne,
592 1556 717 1643 quoties
730 1554 790 1623 vel
803 1552 934 1628 Decano
953 1556 1153 1654 pbilosophi-

102 1684 160 1729 cae
185 1664 338 1728 facultatis
363 1667 417 1733 vel
441 1666 638 1732 Cancellario
660 1667 872 1731 universitatis
896 1663 1081 1736 solemniter
1101 1675 1153 1737 di-

102 1771 198 1835 cendi
217 1776 417 1838 occasionem
437 1773 612 1839 offerebant
630 1771 837 1860 officiumque
851 1775 1059 1861 imponebant
1071 1783 1156 1866 pub·

102 1882 184 1944 licae
203 1880 276 1944 illae
296 1884 466 1968 antiquitus
495 1896 527 1947 et
553 1885 710 1970 sapienter
735 1885 893 1947 institutae
921 1891 1157 1956 exercitationes

104 1989 305 2053 academicae
322 2028 366 2042 -
384 1994 525 2059 suaviter
540 2005 571 2057 et
592 1997 757 2079 concinne,
777 1996 921 2079 inquam,
941 1995 1040 2062 verba
1055 1997 1157 2064 facere

103 2098 226 2165 solebat
245 2102 280 2162 in
298 2119 418 2185 magna
435 2111 628 2165 attentorum
648 2100 831 2165 auditorum
858 2101 1036 2167 celebritate
1060 2126 1178 2190 prae··

105 2219 216 2294 ceptor
236 2207 315 2270 olim
333 2229 441 2294 meus,
467 2206 689 2274 celeberrimus
710 2209 794 2275 Cau.
814 2210 874 2274 Fu.
895 2208 1101 2278 Scnuururu.

192 2314 392 2402 Argumenta
412 2316 527 2402 eligere
547 2316 674 2381 amabat
694 2328 733 2382 ex
751 2319 881 2383 historia
901 2323 1020 2404 patriae
1034 2314 1160 2386 littera·
1208 2368 1211 2373 -

107 2431 167 2512 ria,
186 2447 255 2490 uon
273 2425 379 2490 solum
397 2427 616 2511 exquisitiora,
650 2426 755 2511 qualia
775 2449 821 2491 ex.
832 2427 1028 2512 amplissima
1045 2427 1161 2494 harum

108 2558 220 2604 rerum
240 2535 468 2620 disquisitione,
487 2537 621 2607 excussis
640 2534 681 2597 ad
700 2533 914 2620 pulvisculum
933 2556 1032 2620 usquc
1052 2557 1089 2598 ac
1108 2555 1162 2599 sa·

111 2650 244 2732 gacitate
277 2645 361 2705 mira
390 2654 422 2705 et
448 2641 601 2707 Indefessa
629 2642 795 2728 exploratis
823 2643 953 2729 singulis
981 2648 1164 2731 momentis,

110 2753 203 2816 facile
222 2749 440 2837 depromenda
461 2749 610 2832 hahebat;
640 2749 697 2814 sed
719 2749 761 2814 ad
784 2751 1032 2815 aemulationem
1057 2749 1171 2816 bono*

113 2883 189 2926 rum
208 2862 306 2924 etiam
326 2856 522 2923 excitandam
541 2844 744 2944 apta-eadem
764 2871 855 2923 erant
881 2871 912 2924 et
932 2869 1020 2922 caute
1040 2844 1166 2942 dicendl

114 2981 194 3055 arte,
214 2989 277 3053 qua
294 2964 442 3056 pollebat,
461 2965 546 3029 hunc
565 2965 606 3029 ad
623 2963 724 3032 finem
749 2967 889 3032 limatius
914 2965 1169 3053 adcommodata,
1216 2953 1218 2958 ¹

115 3075 253 3164 proinde
272 3088 361 3163 grata
379 3073 586 3160 audientibus,
606 3073 703 3162 digna
723 3074 852 3139 doctore
870 3072 1169 3162 humanissimoeo«

118 3185 257 3269 demque
276 3183 477 3270 gravissimo,
497 3173 584 3246 nunc
605 3185 701 3246 etiam
719 3182 846 3247 lecturis
863 3185 932 3247 sine
953 3182 1048 3247 dubio
1068 3193 1100 3244 et
1113 3182 1168 3266 jue

121 3291 225 3356 cunda
245 3303 276 3354 et
294 3290 471 3378 profutura.

205 3397 276 3462 Nec
296 3420 372 3463 sane
390 3397 506 3462 diutius
525 3398 561 3462 in
579 3398 701 3463 scriniis
708 3396 828 3486 suist)
854 3398 1026 3486 superstitis
1044 3396 1171 3478 delites-y

160 3557 188 3625 l³)
206 3555 232 3610 A
251 3565 373 3629 parente
392 3554 456 3621 tali,
477 3553 640 3609 medicinae
657 3571 717 3608 non
730 3555 989 3622 circumforaneae,
1011 3530 1187 3620 sedlerudis

194 3649 266 3704 tiori
284 3658 370 3720 atque
391 3645 610 3721 aphilologicis
633 3646 721 3702 etiam
747 3647 852 3703 studiis
877 3649 1035 3704 instructae
1061 3648 1173 3702 dicatus

196 3753 226 3798 et
244 3749 438 3806 consecratus,
456 3739 593 3795 inclaruit
609 3743 666 3812 jam
683 3753 713 3797 et
730 3741 803 3816 ipse,
822 3744 878 3800 Vir
892 3743 1093 3808 Doctissimus,
1111 3743 1178 3796 Fri.

196 3836 313 3892 doricus
328 3835 508 3903 Scbnurrer,
532 3834 667 3908 inprimis
682 3834 769 3891 editis
795 3837 889 3904 (1825)
911 3835 1071 3890 Annalibus
1099 3850 1175 3886 mot·-

198 3929 306 3986 boruut
321 3929 438 3986 humani
460 3929 577 4004 generis
604 3929 744 3986 historice
770 3940 802 3984 et
822 3929 1017 4005 geographica
1046 3924 1176 3981 conside.

905 4112 907 4119 ,
962 4053 976 4110 l
