2776 5124
207 436 270 502 226
361 427 415 497 Dr
430 426 668 500 Trsoorsrru
683 431 832 500 Toucrcs
845 431 1104 506 commutor.

173 594 176 603 ¹
207 603 242 668 in
262 597 450 668 WalacbIa:
476 594 522 661 illi
541 607 664 686 autem,
684 599 786 683 magis
807 600 902 663 etiam
921 597 1057 682 Judaei,
1076 600 1278 691 adhucdum,

207 709 334 800 prelum
354 704 651 794 chalcograpbicum
671 699 817 772 exercent
836 705 921 772 baud
940 708 1149 798 negligenter.
1268 747 1275 759 ·

288 841 542 928 Turcae'autem
560 858 622 944 ipsi
640 855 777 944 tardius,
803 869 835 923 et
854 878 924 924 sero
945 853 1096 948 demum,
1119 853 1164 927 ad
1183 877 1257 931 ¹sus-⁵

202 970 384 1061 cipiendam
403 965 650 1059 typographiam
671 978 880 1033 accesseruntt
901 989 1006 1056 neque
1021 969 1056 1034 id
1069 969 1178 1036 fecisse
1190 987 1256 1060 pu*

198 1081 289 1151 tandi
316 1090 390 1147 sunt
419 1099 458 1143 ex
486 1077 664 1142 imitatione
692 1075 831 1164 exempli
856 1077 892 1141 in
917 1074 1067 1164 proximo
1094 1077 1193 1167 positi
1221 1088 1256 1148 'et

199 1192 296 1280 plane
315 1187 494 1254 domestici:
522 1182 594 1270 sed,
623 1182 711 1270 quod
730 1188 853 1252 mirum
870 1184 975 1255 videri
991 1191 1107 1277 possit,
1136 1206 1156 1255 e
1175 1188 1253 1258 lon⁶

197 1303 318 1390 ginquo
338 1297 435 1384 petita
455 1303 528 1359 sunt
546 1290 640 1380 hujus
661 1294 708 1358 rei
726 1295 815 1358 initia
835 1305 929 1383 atque
948 1293 1163 1364 incitamenta.
1207 1290 1252 1366 Et

165 1488 167 1494 ι
194 1428 273 1476 vere
293 1405 424 1494 quidem
442 1401 586 1468 Lutetiae
604 1399 802 1469 Parisiorum
820 1411 895 1469 nata
913 1419 951 1471 ac
969 1411 1041 1470 orta
1062 1403 1125 1471 dici
1145 1413 1250 1494 potest

192 1517 299 1604 prima
326 1513 365 1609 (le
390 1509 588 1599 suscipiendo
611 1509 668 1574 tali
692 1532 790 1599 opere
809 1514 966 1601 cogitatio.
1008 1513 1138 1582 Etenim
1160 1534 1268 1584 anno„

190 1621 284 1710 hujus
302 1622 417 1688 saeculi
438 1620 590 1689 vicesimo
614 1622 649 1684 in
669 1619 810 1687 Galliam
830 1621 870 1686 ab
890 1625 1085 1711 imperatore
1103 1624 1246 1692 Turcico

188 1731 309 1820 legatus
334 1734 448 1796 missus
471 1739 518 1795 est
536 1727 703 1793 Mehemet
721 1729 852 1820 Efendi,
883 1735 939 1820 qui
963 1730 1067 1799 filium
1088 1738 1245 1822 juvenem

187 1820 400 1908 sasa‘nfenar
421 1840 572 1904 comitem
591 1839 711 1910 itineris
731 1840 791 1908 sur
810 1839 963 1926 adjunxit.
1012 1841 1078 1906 nso
1097 1841 1154 1907 uhr
1175 1844 1245 1910 Pa-

185 1953 285 2037 risiis,
319 1961 442 2036 praeter
469 1946 545 2012 alias
572 1967 623 2012 res
649 1946 875 2014 memorabiles
899 1947 1021 2037 sibique
1041 1954 1161 2019 invisas
1186 1955 1243 2019 in-

184 2060 370 2146 solitasque,
399 2055 644 2147 typographiam
664 2078 791 2144 quoque
808 2068 989 2145 spectasset,
1018 2062 1242 2149 maximopere

183 2169 316 2232 miratus
342 2165 467 2229 facilem
492 2164 575 2229 hanc
596 2185 656 2228 nec
675 2167 772 2231 nimis
792 2177 990 2231 sumtuosam
1010 2165 1242 2235 describendo-

181 2295 256 2340 rum
274 2273 432 2340 librorum
447 2274 622 2365 rationem,
642 2269 767 2337 artificii
782 2272 875 2357 hujus
889 2273 1066 2362 imaginem
1083 2289 1115 2342 et
1130 2278 1240 2365 quod.

181 2385 258 2449 dam
276 2385 366 2470 quasi
386 2382 578 2448 desiderium
597 2403 707 2448 secum
725 2383 760 2447 in
780 2383 917 2469 patriam
937 2386 1123 2469 reportavit.
1164 2385 1238 2452 Re*

179 2492 244 2556 dux
275 2496 381 2578 itaque
411 2489 525 2573 factus,
564 2491 688 2554 socium
718 2488 841 2555 consilii
868 2489 1003 2558 ad'scivit
1031 2491 1235 2562 lbrahimum

176 2599 306 2688 Efendi,
335 2601 444 2666 virum
466 2597 585 2662 subacti
598 2584 786 2684 'promtique
803 2595 939 2687 ingenii,
967 2603 1025 2687 'qui
1044 2614 1138 2667 natus
1158 2607 1236 2691 quia

176 2709 252 2774 dem
278 2713 313 2773 in
334 2707 502 2793 Hungaria
528 2717 622 2791 atque
646 2696 794 2770 alitteris
813 2705 900 2770 haud
923 2705 1115 2798 imparatus,
1147 2712 1234 2779 chri-

172 2821 310 2882 stianam
329 2815 518 2902 religionem
533 2834 609 2876 cum
624 2810 887 2878 Mubammedica
899 2824 1138 2887 commutasset.
1165 2820 1233 2888 Hic

170 2923 292 2990 librum
311 2923 504 3011 singularem
524 2921 564 2986 de
583 2920 751 3010 multiplici
765 2923 996 3011 typographiae
1009 2929 1144 2996 utilitate
1159 2954 1180 2997 a
1192 2948 1229 2999 se

170 3036 387 3120 conscriptum
406 3030 519 3097 obtulit
538 3052 667 3096 summo
683 3033 811 3119 imperii
824 3035 986 3118 ministro,
1006 3053 1143 3128 rogans,
1163 3058 1229 3111 ve*

167 3142 206 3206 lit
232 3165 321 3230 rem,
357 3142 385 3206 si
413 3141 508 3228 digna
540 3143 610 3210 visa
636 3143 744 3226 fuerit,
784 3166 841 3210 suo
879 3137 1004 3233 dignari
1031 3148 1225 3234 patrocinio.

167 3246 292 3314 Placuit
325 3249 507 3331 consilium3
550 3269 695 3316 summus
725 3251 885 3341 ¹religionis
917 3257 1058 3344 jurisque
1092 3263 1224 3328 antistes

166 3357 282 3442 (Muto
301 3357 432 3445 dicitur,
460 3355 493 3420 b.
513 3378 541 3422 e.
561 3361 616 3445 qui
636 3379 693 3422 suo
714 3360 832 3445 judicio
847 3365 1017 3428 veritatem
1032 3382 1091 3431 seu
1106 3369 1157 3454 jus
1173 3370 1223 3436 rei

165 3464 319 3549 decernit)
347 3464 400 3529 diu
423 3465 624 3551 multumque
644 3459 828 3557 deliberata,
861 3469 991 3537 tandem
1012 3483 1222 3560 pronunciat:

161 3574 209 3640 fas
235 3586 267 3639 et
290 3575 361 3659 jura
386 3574 505 3660 sinere,
533 3584 568 3637 ut
589 3578 739 3665 exceptis,
765 3581 826 3664 qui
847 3580 888 3645 ad
905 3581 1221 3674 religionem'pertia»

161 3697 255 3767 nent,
281 3683 387 3772 libris,
413 3686 529 3772 reliqui
549 3706 677 3773 omnes,
703 3689 758 3773 qui
779 3688 832 3756 vel
854 3687 1028 3782 ‹ie-linguis
1047 3698 1219 3786 praecipe-

158 3806 246 3880 rent,
274 3793 330 3862 vel
353 3797 498 3883 scientias
522 3806 706 3890 tractarent,
735 3796 825 3883 prelo
851 3801 1079 3888 exprimantur.
1118 3805 1217 3876 Red-

158 3897 260 3966 ditum
287 3905 393 3989 itaque
422 3916 469 3970 est
493 3902 749 3969 liberalissimum
778 3904 903 3975 Sultani
929 3910 1111 4002 decretum,
1143 3937 1212 4006 quo
