2776 5124
354 409 422 455 cuu
441 387 663 464 Parumncnrs
683 410 814 459 caurus·
833 391 1087 472 Cousraurnsor.
1184 405 1241 468 119

187 565 317 637 rogaret
332 550 565 642 Patriarcbam,
586 555 674 643 velit,
692 557 720 622 si
739 578 820 643 quae
840 562 902 625 sint
921 580 1002 646 quae
1019 580 1092 629 non
1100 562 1244 650 proben-

185 675 241 726 tur
262 661 410 743 Graecis,
443 686 533 728 suam
563 665 603 728 de
616 665 677 729 bis
702 670 892 732 sententiam
909 669 1030 748 dicere.
1069 671 1156 735 Erat
1178 696 1243 737 uu-

186 783 254 833 tem
274 770 334 832 illa
353 782 462 849 aetate
482 772 575 834 nulla
593 795 696 854 penes
711 794 775 837 nos
789 776 908 847 nouam
923 778 1077 843 ecclesiae
1091 803 1241 866 graecae,

184 875 286 958 Non·
305 876 478 946 declinavit
512 879 694 952 Patriarcba
729 882 965 954 invitationem.
1019 883 1162 953 Allatum
1179 900 1243 955 -est

183 1008 304 1051 mense
318 985 420 1051 Junio
443 991 529 1062 anui,
540 991 764 1075 septuagesimi
781 993 859 1066 sexti
879 989 1041 1078 Scriptum
1060 998 1144 1080 ejus,
1168 994 1240 1063 Au-

183 1108 356 1181 gustauam
371 1093 614 1165 Confessionen'r
631 1133 677 1154 -¹
698 1100 915 1184 perstringensv
931 1123 993 1187 per
1008 1105 1131 1191 singula
1152 1107 1242 1191 capi-

183 1217 236 1283 ta3
267 1226 355 1268 secus
384 1190 525 1267 omniuo.
547 1226 645 1290 quam
666 1227 757 1296 spem
778 1205 895 1275 fecerat
915 1212 980 1285 suis
999 1209 1109 1287 litteris
1125 1198 1243 1275 Gerla-

184 1311 293 1398 chius,
321 1313 512 1377 consiliator.
562 1311 735 1386 Constabat
766 1335 856 1378 nuno
886 1314 1022 1386 demum
1050 1319 1093 1383 de·
1118 1323 1240 1384 ratione

185 1441 322 1506 graecae
343 1420 518 1507 Ecclesiae,
538 1423 573 1486 in
594 1421 705 1486 multis-
721 1444 741 1486 a
759 1436 866 1487 nostra
887 1425 1008 1497 alienae
1028 1441 1059 1492 et
1078 1450 1150 1497 cum
1166 1428 1240 1493 Ro-

184 1550 284 1591 mana
311 1533 534 1622 conspirante,
557 1542 593 1601 at
616 1535 745 1593 romani
764 1543 872 1595 tamen
891 1531 1049 1618 pontificis
1069 1526 1240 1601 auctoritass·

182 1649 253 1701 tem
273 1649 304 1701 et
323 1640 538 1722 principatum
557 1635 751 1711 detestantis,
1002 1632 1004 1635 ’

269 1745 478 1831 Responsum
500 1758 547 1811 est
573 1766 594 1813 a
611 1749 733 1815 nostris
751 1746 791 1811 ad
811 1744 877 1812 boc·
893 1749 1063 1835 scriptum,
1094 1761 1126 1812 et
1146 1747 1240 1817 dein-

184 1876 264 1941 ceps
288 1877 417 1939 quoque
440 1858 578 1925 missum
595 1869 645 1920 est·
661 1851 867 1916 Heerbrandi
890 1851 1122 1936 Compendium
1146 1856 1240 1920 theo-

184 1940 349 2049 logicum,
373 1941 495 2046 'graece
521 1981 710 2031 covnversum
740 1982 761 2020 a
783 1956 937 2023 Martiae
969 1957 1097 2041 Crurio,
1132 1967 1240 2028 consi-

182 2067 267 2135 lium
302 2082 488 2155 suggerente
517 2067 716 2156 Gerlacbio,
738 2063 856 2138 deiude
876 2064 1046 2136 Ludovico,
1065 2069 1157 2134 Duce
1185 2072 1239 2156 ju-

182 2175 280 2241 bente
313 2190 344 2241 et
371 2189 609 2246 remunerante,
654 2175 696 2238 Et
726 2174 803 2238 baec
837 2175 968 2258 quidem
999 2167 1120 2260 prima*
1146 2181 1238 2244 acti0.

183 2282 364 2353 Secutaest
385 2286 499 2371 altera,
527 2307 587 2348 nec
607 2304 675 2347 non
693 2284 799 2351 tertia„
835 2279 1037 2354 Protractum
1059 2281 1239 2369 disputandi
1284 2331 1286 2333 ·

147 2462 153 2470 ,
182 2370 352 2481 negotium
371 2396 459 2456 ultra
482 2391 770 2465 commorationem
789 2386 953 2457 Gerlacbii
966 2387 1239 2478 Constantinopo-

181 2504 332 2572 limatam.

268 2611 400 2676 Etenim
426 2609 600 2674 commode·
623 2607 748 2696 accidit,
778 2616 814 2670 ut
840 2606 896 2690 qui
921 2603 1054 2692 tandem
1079 2590 1238 2674 successor

182 2719 360 2808 Ungnadiu
379 2723 556 2790 mitteretur
576 2742 598 2786 a
614 2714 790 2800 Rudolpbo
811 2734 901 2777 nuuc
920 2711 1135 2798 Imperatore,
1163 2713 1238 2780 Jou-

184 2834 269 2898 chim
300 2831 380 2892 baro
401 2829 441 2891 dc
462 2819 684 2910 Sinzendorff,
718 2825 836 2907 etipse
858 2821 1048 2907 evangelicis
1068 2823 1163 2885 sacris
1182 2833 1237 2884 to-

181 2953 236 3004 tus
254 2937 415 3024 addictus,
449 2938 707 3003 concionatorem
727 2953 835 2995 secum
856 2927 985 3014 duceret·
1004 2931 1104 2994 alium
1122 2927 1237 2996 Wtir-

182 3048 455 3134 tembergensem,
492 3037 941 3124 M.sa10m.scswetgaer,
981 3036 1163 3103 Sulzensem
1195 3039 1237 3104 ad

182 3157 383 3240 Nemetum,
400 3150 534 3215 antehac⁴
552 3148 719 3213 alumnum
739 3149 890 3233 principis
910 3151 948 3217 in
960 3147 1124 3234 Stipendio
1142 3147 1238 3211 theo-

165 3267 306 3352 logico,
336 3260 393 3326 sed
421 3281 536 3328 mense
552 3256 639 3344 Sept.
664 3262 743 3323 1576
763 3255 838 3321 inde
859 3255 1018 3344 egressum
1038 3254 1156 3340 absque
1175 3277 1238 3324 ve·
1293 3263 1294 3267 ’

182 3377 253 3460 nia,
284 3383 406 3434 exteras
429 3372 574 3455 regiones
600 3364 755 3433 lustrandi
781 3385 889 3452 causa,
918 3364 1107 3429 etdelatum
1129 3363 1238 3428 Vien-

182 3503 278 3563 nam,
308 3477 364 3540 ubi
391 3476 431 3540 ab
459 3475 633 3542 ecclesiaste
654 3474 837 3562 evangelico
861 3477 896 3543 iu
917 3472 1091 3537 Herrenals
1109 3468 1237 3534 adhibi-

181 3604 233 3655 tus
254 3602 301 3653 est
320 3593 353 3652 in
374 3590 555 3651 societatem
573 3585 774 3648 functionum
790 3581 1087 3662 ecclesiasticarum,
1106 3578 1236 3644 Graecii

181 3711 256 3766 ante
278 3699 471 3760 examinatus
488 3706 519 3756 et
535 3693 707 3758 ordInatus.
748 3690 812 3757 Hic
832 3711 851 3755 a
866 3685 1037 3756 Gerlachio
1059 3686 1164 3751 officia
1180 3687 1236 3748 in·

181 3807 335 3870 ternuntii
359 3808 394 3867 in
420 3823 454 3866 se
477 3807 596 3887 recepit
614 3799 701 3865 haud
731 3801 867 3883 invitus,
899 3795 1154 3864 reconciliaturus
1176 3789 1234 3856 sibi

183 3911 315 3978 Ducem
333 3907 647 3998 Wiirttembergiae‚
668 3911 756 3995 cujus
776 3909 909 3996 gratiam
927 3927 1057 3994 quoque>
1072 3901 1162 3991 facile
1180 3921 1235 3965 re-
