2776 5124
195 433 253 490 162
492 407 704 475 Wtcurruus
726 411 920 482 Sementiua

190 583 337 665 decenni,
357 590 388 641 et
400 572 603 659 Dusslingam
624 579 763 663 secessit,
783 583 839 661 qui
857 600 957 666 pagus
977 597 1057 649 esset
1075 598 1142 652 toto
1160 590 1242 655 Du.

157 743 174 777 q
190 711 259 765 catu
285 691 350 755 fere
374 684 458 751 solus
478 681 630 769 singulari
647 682 711 749 Dei
731 691 831 771 gratia
852 686 1002 754 hactenus
1020 711 1240 766 conservatus.

189 808 253 874 Hic
271 805 423 866 miseram
442 793 543 859 vitam
562 791 714 856 tolerabat
727 794 919 879 aliquamdiu
931 795 1065 889 Noster,
1085 806 1122 868 in
1136 827 1241 872 mon-

186 918 268 981 tanis
286 905 387 973 Albae
408 901 558 965 oberrans
576 923 652 962 cum
668 921 783 988 puero,
801 910 929 991 quoties
944 914 1097 975 serenitas
1115 913 1240 978 admit-

186 1023 287 1104 tebat,
323 1011 437 1077 deinde
463 1001 669 1096 Dusslingam
698 1035 842 1078 reversus
870 1014 982 1103 lassus,
1016 1020 1052 1082 in
1077 1027 1240 1088 stramine

184 1142 419 1208 nonnunquam
437 1110 615 1206 dormiens,
633 1122 728 1207 ‘quod
740 1121 909 1211 'hospitum
926 1125 1023 1191 lectos
1042 1120 1240 1194 reformida-

185 1253 249 1325 ret,
274 1248 305 1298 et
324 1251 464 1329 vappam
482 1227 591 1291 bibere
610 1245 749 1318 coactns,
766 1232 848 1296 *dum
869 1233 959 1298 domi
978 1235 1095 1301 milites
1109 1241 1236 1305 vinum

184 1357 221 1412 ac
241 1366 311 1410 rem
331 1337 520 1402 familiarem
538 1334 759 1423 dilapidarent.
800 1339 864 1405 Sed
885 1341 1058 1407 absentiam
1078 1366 1098 1407 a
1112 1343 1236 1410 biblio-

183 1456 272 1520 theca
292 1452 447 1531 suetisque
464 1445 640 1508 litterarum
655 1446 767 1512 studiis
783 1447 841 1511 ‘diu
860 1449 995 1514 tolerare
1007 1449 1100 1515 'haud
1116 1458 1234 1540 potuit.

182 1566 293 1648 Itaque
313 1575 464 1624 ‘reversus
487 1566 535 1618 est
554 1553 707 1643 domum,
727 1562 833 1622 etiam
858 1564 956 1646 ipsius
971 1561 1062 1627 'vitae
1080 1583 1159 1624 mox
1178 1562 1235 1625 fu-

81 1668 84 1673 ’
181 1686 305 1740 nestam
332 1667 483 1729 futuram.
533 1656 577 1727 Α.
604 1662 635 1728 d.
656 1663 779 1730 XVIII
805 1668 939 1734 Octobr.
964 1669 1236 1756 deprehendimus

181 1803 256 1845 eum
284 1775 413 1840 Senatui
431 1771 621 1836 ¹academico
649 1773 752 1837 adhuc
771 1774 965 1844 interfuisse.
1008 1777 1063 1841 At
1089 1801 1170 1843 mox
1191 1795 1235 1845 et

178 1896 246 1976 ipse
264 1897 424 1970 correptus
445 1882 617 1946 domestica
635 1878 694 1944 ‘lue
708 1880 796 1970 „obiit
822 1905 851 1946 a.
868 1883 900 1949 d.
919 1884 1056 1950 XXIIII
1076 1886 1233 1978 Octobr.,

178 2001 273 2062 unico
303 1992 421 2080 filiolo,
456 1991 654 2078 Theophilo,
679 1991 785 2077 ‘paulo
801 2005 882 2078 post
899 1993 1002 2058 tllum
1027 1994 1068 2058 ad
1089 1994 1234 2083 Superos

177 2122 301 2188 secute,
331 2115 366 2166 ut
391 2104 458 2187 jam
475 2105 633 2169 universa
646 2099 777 2163 xfamilia
786 2104 932 2166 extincta
941 2116 1031 2171 esset
1041 2126 1084 2168 ao
1092 2111 1234 2193 penitus

177 2213 310 2280 sublata.
1115 2276 1119 2281 .

258 2319 411 2384 Dicamus
436 2339 521 2383 nunc
534 2308 683 2386 ⁴breuiter
702 2316 749 2378 de'
761 2305 872 2381 auimo
886 2319 990 2402 'etque
1003 2311 1141 2406 ⁴iugenio
1153 2315 1233 2388 ‘uiri

176 2428 299 2495 eximii.
347 2427 389 2489 Et
414 2427 543 2512 quidem
568 2427 732 2510 ingenium
758 2429 864 2510 primo
890 2424 977 2510 quod
1002 2431 1129 2514 attinet,
1159 2443 1231 2496 erat

173 2535 253 2602 illud
279 2538 413 2598 omnino
437 2534 671 2620 felicissimum,
699 2545 795 2618 atque
819 2556 840 2597 a
857 2547 970 2605 natura
988 2538 1032 2599 ita
1053 2545 1229 2624 compara-

173 2659 261 2729 tum,
293 2655 328 2704 ut
347 2645 523 2729 cuicunque
549 2649 597 2708 rei
618 2642 762 2707 ‘studeret
787 2641 878 2704 facile
905 2664 978 2705 eam
1004 2636 1228 2729 assequeretur

170 2754 435 2840 perspiceretque:
460 2757 618 2837 neque'in
636 2754 675 2814 iis
695 2751 889 2837 subsisteret,
910 2772 991 2836 quae
1009 2772 1097 2838 nova
1119 2759 1227 2819 essent

171 2874 264 2946 atque
291 2861 490 2944 communia,
519 2859 576 2924 sed
600 2881 688 2927 nova
701 2875 839 2949 prorsus
858 2872 1024 2947 quaereret
1050 2880 1087 2922 ac
1106 2863 1224 2948 singu-

169 2969 256 3031 laria.
298 2965 522 3030 Mathematica
541 2971 638 3054 ipsius
653 2969 766 3055 studia,
786 2982 956 3057 postquam
972 2991 1029 3054 per
1044 2968 1224 3053 quadrien-

169 3080 259 3140 nium
281 3074 345 3138 fere
363 3071 690 3160 prorsus'intermissa
702 3090 824 3163 essent,
838 3080 1044 3142 ‘resuscitavit
1064 3097 1116 3142 an.
1137 3084 1221 3146 1617

170 3185 366 3272 Kepplerus,
387 3190 438 3250 vir
457 3207 601 3249 summus
607 3234 617 3272 ,
631 3209 712 3249 cum
732 3189 844 3251 itinere
857 3185 970 3250 Iincio
986 3171 1027 3247 in
1035 3182 1222 3251 Wiirtem-

167 3292 309 3379 bergiam
336 3293 433 3380 fact0,
461 3291 640 3380 Niirtingae
659 3292 900 3378 Schickardum,
928 3294 1038 3359 virum
1051 3296 1220 3379 <juvenem

165 3401 303 3464 necdum
323 3399 461 3486 clarum,
478 3415 600 3488 sponte
619 3402 781 3487 salutaret,
808 3400 1115 3487 familiaritatemque
1136 3425 1217 3467 cum

165 3530 204 3572 eo
225 3508 436 3592 contraheret,
464 3531 544 3594 quae
564 3508 604 3572 ad
625 3509 747 3572 obitum
767 3530 866 3593 usque
884 3505 1047 3594 hospitiis,
1074 3514 1217 3578 mutuis-

165 3637 226 3701 que
255 3616 363 3679 litteris
392 3615 542 3684 alebatur.
589 3616 694 3701 Atque
721 3638 807 3680 nunc
823 3618 977 3700 ,protinus
1000 3614 1215 3684 Schickardus

162 3745 230 3787 non
256 3723 355 3787 modo
369 3747 524 3812 novum,
553 3735 690 3812 eumque
702 3723 946 3809 'perfectIorem‚
979 3724 1111 3818 globum
1128 3747 1214 3793 'coe-

161 3833 272 3897 lestem
297 3834 425 3925 molitus
452 3847 512 3922 est,
544 3833 600 3897 sed
623 3824 935 3918 inTrigonometria
961 3838 1060 3898 etiam
1085 3857 1214 3904 novam

125 3981 128 3986 -
162 3945 335 4030 rationem,
364 3942 481 4027 absque
506 3947 631 4007 sinuum
657 3939 789 4005 Canone
807 3942 970 4029 ,triangula
996 3944 1145 4012 solvendi
1171 3962 1214 4014 ex
