2776 5124
157 453 296 524 iti-uti
433 468 582 525 rourum
602 473 797 526 summotus.
1073 466 1133 528 201

87 618 337 708 discrepantium
368 616 541 706 plurimos,
578 639 698 706 magna
725 618 1036 690 cumadmiratione
1063 645 1141 690 orn-

88 737 201 817 nium,
240 731 387 818 inprimis
415 726 564 794 Andreae
589 726 755 816 praesidis,
789 741 1036 818 ceterorumque
1053 731 1140 798 Pro-

87 841 245 910 fessorum
266 836 415 902 defendit.

82 982 88 990 ·
174 949 364 1036 Eodemque
390 968 475 1013 anno
503 944 676 1013 conductus
696 959 742 1013 est
766 947 954 1015 ecclesiastes
975 952 1011 1016 in
1034 953 1140 1021 vicina

91 1079 165 1123 arce
181 1069 211 1123 et
226 1079 309 1145 pago
320 1055 448 1122 Biiheln
467 1054 597 1140 (Riihl),
615 1059 704 1142 cujus
718 1068 907 1143 potestatem
920 1071 995 1123 tunc
1008 1058 1142 1125 babebat

90 1165 219 1236 Nobilis
247 1165 286 1230 de
313 1162 412 1230 Stein.
453 1160 553 1255 Quod
581 1156 712 1249 qudem
737 1165 880 1230 officium
901 1166 1141 1237 ecclesiasticum

89 1297 168 1339 cum
192 1272 375 1338 academico
394 1274 440 1336 ita
459 1274 638 1358 conjunxit,
669 1283 706 1335 ut
726 1271 834 1338 diebus
855 1273 1022 1341 dominicis
1042 1289 1073 1341 ct
1091 1278 1142 1343 fe·-

90 1388 179 1451 riatis
201 1383 306 1448 solum
324 1403 421 1447 mane
440 1379 516 1445 illuc
536 1379 754 1468 egrederetur,
782 1380 951 1469 habitaque
972 1390 1142 1476 concione,

90 1492 151 1559 sub
174 1490 348 1557 meridiam
373 1508 519 1558 reversus
540 1489 576 1557 iu
595 1486 727 1578 urbem,
760 1488 984 1574 disputationes
1003 1515 1022 1556 a
1040 1515 1143 1580 pran..
1245 1544 1246 1548 ,

91 1600 147 1665 dio
174 1601 365 1684 institueret,
400 1597 538 1683 reliquos
566 1595 631 1662 dies
650 1594 740 1662 domi
761 1620 835 1664 cum
855 1599 1031 1688 discipulis,
1062 1624 1141 1688 quos

92 1711 128 1773 in
158 1707 374 1778 contubernio
398 1703 549 1790 habebat,
578 1708 773 1793 transigeret.
828 1707 984 1775 Ecclesiae
1012 1711 1142 1795 quidem

91 1830 198 1883 totum
223 1819 316 1884 illum
340 1815 571 1888 vindicandum
590 1815 788 1887 existimabat
806 1815 1050 1904 Theologorum
1068 1832 1144 1885 tuuc

92 1908 268 2012 maximus,
289 1925 363 1992 Jac.
377 1907 540 1990 Andreae:
560 1924 616 1996 sed
634 1924 725 1989 aliter
745 1928 852 1992 visum
872 1925 955 1989 Deo.
979 1983 981 1986 .
1041 1929 1043 1932 ’

176 2036 275 2101 Nunc
295 2037 382 2099 enim
394 2033 541 2118 Hizlero,
567 2035 623 2118 qui
642 2032 817 2103 luminibus
835 2046 942 2118 captus
963 2045 1055 2120 esset,
1074 2035 1144 2098 suf-2

93 2145 192 2210 fectus
218 2155 264 2209 est
276 2140 445 2229 professor
463 2140 590 2226 linguae
609 2140 724 2204 latinae
745 2135 776 2204 et
796 2162 941 2228 graecae,
975 2141 1143 2237 Classicus,

93 2253 243 2318 intortio
264 2250 376 2315 ordine
396 2247 590 2335 paedagogi,
608 2247 787 2317 academici.
828 2247 926 2311 Haud
945 2250 1063 2316 multos
1083 2275 1145 2317 an·

96 2383 157 2428 nos
177 2372 319 2429 versatus
339 2361 374 2422 in
394 2357 455 2422 hoc
474 2380 625 2444 munere,
652 2357 751 2422 alium
769 2357 878 2420 locum
899 2355 1050 2445 obtinuit,
1072 2381 1146 2424 amq

95 2470 235 2556 pliorem
253 2468 547 2554 spectatioremque.
595 2463 683 2535 Sam.
704 2464 899 2550 Heilandus,
922 2467 1008 2551 cujus
1027 2488 1147 2553 magna
1225 2494 1230 2500 ·

96 2591 165 2646 erat
190 2583 272 2644 inter
300 2575 445 2662 aequales
472 2575 678 2659 existimati0,
708 2573 784 2636 inde
808 2572 848 2642 ab
876 2594 962 2637 anno
987 2567 1145 2663 quinqua.

97 2690 220 2776 gesimo
239 2691 375 2774 septimo
395 2684 512 2770 (1557)
531 2681 687 2769 Stipendii
706 2679 820 2744 Theol.
839 2681 991 2768 Magister
1004 2684 1147 2776 Domus,

97 2818 124 2861 s.
141 2793 306 2881 Ephorus,
327 2806 359 2858 et
377 2793 502 2858 Ethices
522 2791 605 2879 prof.
625 2789 786 2878 publicus,
805 2789 1051 2878 laudatissimus,
1072 2816 1147 2869 cum

97 2907 165 2990 jam
185 2904 306 2968 morbis
321 2903 473 2988 senioque
493 2902 562 2985 ipso
578 2899 737 2968 confectus
753 2910 847 2985 esset,
867 2901 975 2966 visum
990 2913 1036 2963 est
1048 2901 1149 2965 Prin*

100 3015 178 3098 cipi,
207 3010 283 3076 Seni
308 3013 430 3097 optime
457 3011 572 3078 merito
593 3004 783 3071 minuendos
805 3005 1012 3072 esselabores
1032 3011 1067 3072 in
1088 3007 1149 3071 ad-
1225 3085 1226 3088 Ἴ

99 3118 316 3188 ministrandis
335 3100 430 3183 rebus
450 3113 621 3202 StIpendii,
642 3113 789 3199 adjuncto
810 3112 859 3177 illi
874 3136 913 3177 ex
927 3113 1149 3180 Professorum

68 3295 71 3302 ,
101 3248 238 3296 numero
259 3226 379 3312 collega
400 3236 431 3288 et
450 3222 603 3308 adjutore.
645 3220 712 3312 Qui
732 3221 868 3286 famulus
888 3234 980 3286 antea
996 3222 1151 3312 Stipendii

101 3335 252 3403 servilem
279 3335 496 3400 conditionem
523 3355 590 3402 non
616 3333 843 3402 detrectaverat
868 3334 1040 3424 Miillerus,
1069 3360 1150 3401 con-

101 3449 227 3510 stitutus
254 3464 341 3508 nunc
366 3456 412 3509 est
431 3443 587 3528 Magistro
606 3438 735 3506 Domus
759 3441 895 3529 collega,
928 3463 1012 3506 auno
1034 3443 1150 3529 (1591)

101 3554 311 3639 nonagesimo
331 3553 454 3637 primo,
475 3571 576 3614 annos
596 3547 681 3621 haud
699 3548 806 3638 plures
826 3572 926 3637 quam
945 3555 1074 3638 triginta
1089 3575 1151 3617 na-

104 3674 168 3743 tus,
195 3681 263 3747 non
283 3659 425 3722 ambiens
446 3657 591 3744 quidem,
618 3679 679 3723 nec
697 3670 805 3722 tamen
824 3660 955 3725 invitus.
996 3659 1074 3724 Non
1094 3661 1152 3724 ulli

104 3789 248 3853 unquam
267 3769 464 3853 praeceptori
482 3765 704 3851 obsequentior
722 3766 832 3853 obtigit
850 3765 1034 3853 discipulus,
1055 3790 1152 3855 quam

103 3875 157 3940 hic
177 3873 339 3938 Heilando
359 3872 496 3960 collega,
522 3874 577 3959 qui
597 3872 694 3936 talem
714 3897 747 3939 se
766 3873 942 3956 exhiberet,
968 3888 1084 3939 utnon
1097 3879 1153 3945 vi·
1175 3870 1176 3878 ’

108 3982 234 4049 deretur
255 3980 388 4048 adscitus
407 3983 442 4048 in
461 4001 574 4068 parem
592 3985 734 4049 muneris
753 3982 1073 4073 administrationem,
1096 3983 1153 4049 sed
1227 4062 1229 4066 Ι
