2776 5124
330 436 385 504 Dr
398 435 632 510 Turoeuarrra
650 436 798 506 Tuucrcn
814 439 1071 509 Couarru‘uror.
1156 448 1217 513 aaa

167 625 234 669 esse
255 601 368 683 dicitur
386 600 609 685 Krusinslrius,
635 624 732 689 quam
752 624 845 669 suam
866 601 1032 670 venditare
1052 604 1137 671 haud
1157 607 1220 672 du-

166 711 281 779 bitavit
300 709 489 776 lbrahimus.
1099 730 1102 736 ·

252 819 393 912 Quartus
413 820 492 886 liber
506 825 681 907 inscriptus
699 833 761 888 est:
788 820 918 889 historia
938 821 1049 893 Indiae
1070 823 1221 891 occidan-

166 929 253 1016 talis,
281 927 313 993 h.
330 952 358 994 e.
380 926 560 995 Americae.
607 929 709 999 Scatet
736 927 865 1015 quidem
892 928 1035 1016 turpibus
1063 930 1221 1003 ridiculis*
1246 928 1249 936 ’

166 1059 230 1124 que
249 1035 377 1116 fabulis5
406 1035 463 1102 sed
482 1037 701 1102 memorabilis
722 1048 832 1101 tamen
853 1049 900 1104 est
919 1058 991 1100 eam
1012 1035 1053 1100 ob
1074 1058 1219 1118 causam,

166 1144 255 1231 quod
276 1149 430 1230 imagines
451 1144 576 1210 exhibet
594 1144 793 1231 plantarum,
821 1144 1010 1216 animalium
1029 1135 1220 1216 hominum·⁴
1318 1176 1320 1181 ·

167 1277 246 1340 que,
276 1275 295 1317 a
319 1252 449 1340 quibus,
482 1265 593 1340 utpote
615 1259 650 1319 in
674 1253 810 1321 Korauo
834 1255 1030 1337 proscriptis,
1058 1252 1135 1318 alias
1159 1252 1220 1316 ab·

165 1361 297 1428 horrere
325 1360 502 1441 Moslemos
528 1365 601 1428 ratis
624 1364 759 1428 constati
794 1374 984 1446 quapropter
1015 1357 1143 1425 difficile
1173 1374 1220 1424 est

168 1470 351 1555 exemplum
374 1469 446 1533 libri
470 1475 628 1557 reperire,
661 1471 748 1558 quod
772 1471 917 1538 illaesum
941 1470 998 1551 aa,
1024 1489 1084 1542 nec
1108 1465 1219 1555 figuris

163 1581 251 1664 istis,
272 1589 381 1662 utpote
404 1577 560 1665 profanis,
580 1579 772 1653 mutilatum,

252 1685 391 1778 Quintus
411 1685 543 1752 historia
560 1700 607 1752 est
626 1687 773 1775 Timuri,
792 1686 926 1753 Turcice
938 1682 1061 1750 reddita
1082 1705 1120 1748 ex
1143 1705 1217 1749 ara·

164 1794 236 1859 bico
265 1817 362 1880 opere
391 1793 549 1862 Ahmedis
572 1793 823 1882 Arabs'chiadae,
857 1792 944 1883 prod
970 1789 1084 1857 Golius
1109 1794 1217 1879 punto

165 1903 278 1983 edidit,
312 1903 425 1968 deiude
451 1911 527 1968 cum
553 1906 651 1970 latina
678 1907 827 1975 versione
854 1903 1000 1987 notisque
1024 1899 1213 1988 Mangerus,

164 2011 331 2097 theologus
350 2015 385 2076 in
405 2012 519 2099 Belgio
538 2012 624 2077 haud
640 2011 817 2078 lucelebris.

251 2121 314 2186 Sed
330 2145 372 2187 ne
390 2123 539 2189 omnibns
557 2145 596 2186 ex
616 2122 728 2188 ordine
748 2115 946 2188 recensendis
968 2116 1118 2182 molestus
1138 2115 1215 2195 Vor-

166 2231 215 2295 bis
235 2226 388 2318 evadam,
417 2228 604 2317 Auditores,
631 2228 903 2297 memorabiliores
923 2238 1047 2313 tantum
1065 2223 1215 2311 afferam,

163 2340 294 2426 reliquis
313 2337 486 2406 leuioribus
506 2340 639 2403 omissis.

144 2508 151 2515 .
249 2450 347 2514 Anno
365 2451 524 2514 tricesimo
544 2443 661 2533 prodiit
677 2451 883 2535 grammatica
900 2448 1163 2535 gallico-turciae
1179 2449 1215 2517 iu

165 2581 260 2623 usum
286 2559 502 2646 Francorum,
529 2557 641 2646 gallico
670 2578 823 2633 sermone⁸
843 2573 968 2644 exarata
994 2562 1026 2624 et
1053 2557 1222 2629 cardinali

166 2669 207 2732 de
218 2667 246 2730 F
247 2668 354 2755 lenry,
374 2672 528 2755 primario
545 2682 615 2734 tum
638 2671 792 2757 temporis
804 2667 832 2734 F
832 2671 950 2735 rancici
964 2671 1092 2755 imperii
1107 2662 1215 2756 admi·

164 2770 278 2857 nimo,
298 2775 422 2860 publice
437 2778 597 2864 inscripta.
628 2773 737 2861 Atque
751 2779 845 2840 etiam
861 2775 924 2842 boc
940 2799 1019 2861 opus
1035 2777 1214 2862 profectum

164 2897 212 2951 est
231 2906 269 2947 ex
287 2883 398 2949 eadem
413 2883 569 2948 Ibrahimi
587 2880 732 2968 officina,
760 2886 816 2970 qui
834 2896 867 2947 et
882 2897 980 2970 typos
998 2905 1066 2949 nou
1084 2881 1214 2947 aliunde

165 3007 274 3082 petere
300 3013 378 3078 opus
404 2989 529 3075 habuit,
556 2991 612 3055 sed
632 2995 701 3078 ipse
720 2991 996 3080 Constantinopoli
1014 2989 1215 3074 efformavit,

165 3112 199 3166 et
222 3101 263 3163 ad
283 3098 523 3185 componendos
544 3098 617 3165 illos
638 3099 724 3165 haud
744 3113 865 3166 exteros
887 3099 1035 3167 homines
1056 3096 1213 3185 adhibuit,

163 3209 219 3274 red
237 3207 443 3293 domesticos,
463 3209 518 3292 qui
534 3205 655 3273 Gallice
673 3229 804 3296 prorsus
819 3213 988 3276 nescirent:
1011 3227 1075 3294 qua
1095 3210 1214 3291 reipsa

165 3321 261 3380 etiam
281 3319 315 3379 in
333 3315 527 3400 praefatione
546 3336 620 3379 usus
638 3329 685 3382 est
708 3316 748 3382 ad
767 3316 997 3403 excusandum,
1026 3313 1114 3402 quod
1132 3334 1215 3399 opus

166 3424 206 3488 ab
228 3447 280 3509 ea,
310 3445 410 3507 qnam
432 3427 493 3510 ipsi
515 3427 615 3487 inesse
639 3423 750 3509 vellet,
775 3426 907 3510 longina
921 3423 1003 3489 absit
1018 3422 1213 3510 perfectione

164 3529 391 3620 elegantiaque.
414 3531 553 3594 *Auctor
569 3554 647 3598 vero
662 3536 897 3619 grammaticae,
917 3533 968 3595 cui
983 3553 1103 3597 nornen
1117 3553 1213 3617 prae-

163 3638 260 3728 figere
290 3644 395 3705 visum
424 3639 508 3702 haud
537 3655 618 3721 erat,
650 3642 735 3707 baud
767 3655 813 3707 est
820 3689 832 3728 ,
863 3664 960 3728 quern
982 3638 1213 3725 Bjornstahlius

164 3745 346 3835 profitetur,
367 3747 485 3811 Paulus
502 3748 680 3836 Eremiani,
701 3749 756 3814 sed
772 3749 1052 3836 Holdermannus,
1072 3745 1212 3817 Germa-

163 3877 240 3941 nus,
268 3855 466 3920 Jesuitarum
491 3856 648 3922 formulae
673 3857 863 3945 adscriptus,
884 3866 926 3922 'et
950 3879 1007 3946 per
1031 3855 1211 3944 complures

165 3982 265 4028 annos
280 3961 413 4028 Galatae
426 3964 634 4052 Missionarii,
655 3978 692 4030 ut
710 3965 834 4053 dicunt,
853 3988 988 4032 munere
1005 3966 1197 4039 defunctus„
