2776 5124
193 439 253 498 138
552 428 627 496 Jrc.
648 416 866 515 Heaarasro,

187 596 387 684 Compendio
409 594 557 682 Epitome
583 594 663 657 facta
689 592 729 658 ab
754 595 824 681 ipso
852 602 994 677 auctore,
1024 591 1143 678 prodiit
1162 593 1238 658 Tu·-

184 697 297 793 birrgae
324 728 409 771 anno
436 708 629 793 octogesimo
653 702 809 791 secundo,
841 723 880 766 er
898 700 1057 788 Principis
1082 705 1237 768 mandato

109 850 111 854 ν
184 813 339 880 destinata
359 815 576 879 Alumnorum
597 814 697 877 Ducis
725 826 757 876 et
777 809 1063 897 Stipendiariorum
1086 816 1174 896 usui,
1205 824 1235 876 et

182 928 248 1008 ipsa
265 929 359 989 novis
377 922 567 987 editionibus
582 917 725 1009 repetita.
765 919 985 1005 Principatum
1000 923 1159 984 internos
1173 918 1234 983 ob-

182 1035 277 1094 tinuit
296 1031 373 1095 haee
395 1031 555 1095 doetrinae
575 1031 730 1116 formula,
764 1028 865 1092 donec
883 1031 1002 1093 sensim
1022 1025 1130 1090 locum
1153 1048 1232 1092 con-

182 1139 305 1204 cederet
318 1139 471 1204 Matthiae
491 1137 705 1204 Hafenrefleri
724 1137 828 1224 libro,
847 1140 1018 1222 inscripto:
1043 1135 1123 1200 Loci
1139 1137 1230 1200 theo-

179 1247 289 1334 logici,
309 1247 348 1311 de
370 1271 433 1334 quo
455 1248 576 1312 dictum
595 1258 642 1310 est
658 1246 720 1317 alio
742 1258 897 1332 tempore.

263 1356 352 1420 Inter
363 1355 506 1418 Exteros
518 1376 646 1442 quoque
658 1353 819 1440 praeclara
837 1367 904 1418 erat
922 1356 1110 1421 existimatio
1123 1353 1228 1421 Heer-

178 1465 308 1551 brandi,
343 1485 403 1529 nec
440 1462 571 1528 deerant
600 1467 803 1532 invitationes
823 1479 990 1549 'perquam
1023 1461 1227 1528 honorificae.

178 1572 276 1636 Anno
303 1577 497 1663 sexagesimo
523 1573 661 1638 secundo
690 1585 822 1641 vocatus
846 1585 892 1635 est
913 1593 932 1633 a
952 1570 1107 1635 Saxouiae
1128 1573 1228 1635 Duci-

177 1680 235 1745 bus
250 1681 276 1744 J
277 1703 370 1744 enam
376 1729 388 1769 ,
409 1680 587 1768 largissimo
602 1681 772 1768 stipend10,
792 1680 881 1744 mille
894 1679 1094 1746 florenorum
1111 1680 1227 1748 oblato.

259 1789 447 1859 Provectior
472 1803 571 1854 aetate
591 1793 744 1877 expetitus
758 1791 800 1855 A.
816 1792 872 1856 157
877 1796 895 1854 6
915 1789 955 1854 ab
968 1789 1101 1854 Hassiae
1117 1789 1226 1854 Land-

175 1903 292 1986 graviis
316 1921 387 1986 pro,
404 1898 510 1964 schola
530 1898 753 1987 Marburgensi
778 1912 960 1986 repurgata,
989 1901 1226 1970 commendavit

174 2007 349 2094 Aegidium
378 2007 550 2072 Hunnium
575 2008 878 2094 Winnendensem,
905 2008 1027 2093 dicens,
1055 2030 1089 2073 se
1108 2012 1225 2074 imitari

173 2115 230 2180 Jo.
246 2116 461 2180 Reuchlinum
480 2116 535 2200 (ex
556 2116 683 2180 Hutteri
704 2117 804 2182 Orat·
818 2118 858 2181 de
879 2118 1046 2209 Hunnio),
1068 2127 1125 2208 qui
1145 2144 1224 2190 evo·

173 2237 259 2287 catus
286 2245 305 2285 a
326 2225 488 2287 Friderico
510 2225 665 2289 Saxoniae
684 2226 829 2290 Electore
848 2226 1105 2317 Wittebergam,
1141 2235 1224 2296 misit

172 2354 266 2395 suum
278 2330 362 2396 Phil.
374 2332 675 2422 Melanehthonem,
696 2354 729 2400 se
749 2355 859 2398 senem
879 2336 976 2423 longe
992 2352 1222 2424 superaturum.

255 2439 328 2524 Ipse
354 2440 456 2503 noluit
485 2440 593 2504 locum
622 2456 765 2528 mutare,
797 2464 857 2506 nec
884 2443 1017 2506 habebat
1045 2467 1133 2534 sane,
1166 2471 1220 2513 cur

171 2550 267 2614 aliam
293 2549 456 2612 fortunam
486 2555 686 2637 experiretur.
726 2551 805 2615 Erat
833 2554 920 2614 enim
947 2550 999 2615 hie
1023 2557 1056 2618 in
1078 2561 1219 2620 marimo

169 2662 269 2745 pretio
276 2705 287 2744 ,
321 2671 388 2721 erat
408 2680 534 2744 quoque
554 2663 588 2722 in
608 2660 693 2725 lauta
712 2683 748 2724 re
766 2659 931 2748 familiari,
953 2673 1063 2725 nactus
1078 2685 1097 2725 a
1110 2685 1220 2729 socero

169 2751 416 2853 praediamulta
437 2780 467 2830 et
488 2773 628 2856 optima,
653 2770 784 2850 fundos,
810 2783 915 2856 prata,
941 2774 1068 2858 vineas,
1090 2772 1218 2863 hortm,

169 2875 282 2960 quibus
303 2873 387 2938 haud
408 2897 522 2962 parum
544 2877 768 2958 delectabatur,
792 2891 985 2964 quapropter
1004 2885 1099 2946 etiam
1118 2906 1137 2946 e
1153 2900 1220 2950 ter-

167 2989 211 3048 ris
229 2983 469 3062 remotioribus,
492 2989 631 3050 maxime
651 3008 690 3049 ex
709 2985 831 3074 Styria,
856 2985 1035 3074 Carinthia,
1057 2989 1219 3080 Carniola,

166 3113 336 3176 generosos
360 3091 421 3154 sibi
446 3092 586 3156 surculos
612 3106 643 3155 et
669 3098 757 3159 varia
782 3099 903 3157 semina
923 3096 1036 3161 adferri
1057 3099 1116 3162 sibi
1136 3123 1218 3186 pro-

165 3198 308 3286 videbat,
347 3198 459 3284 quibus
489 3200 679 3288 inserendis,
710 3202 905 3289 plantandis,
938 3205 1083 3270 curandis
1110 3209 1217 3274 hone-

164 3319 245 3371 stam
275 3307 472 3393 voluptatem
498 3319 689 3372 consectatus
716 3322 771 3375 est.
812 3312 897 3374 Rem
923 3312 1112 3393 familiarem
1140 3340 1217 3381 om-

163 3437 241 3480 nem
262 3414 389 3479 curabat
405 3418 537 3503 conjux,
558 3417 699 3480 foemma
714 3418 930 3483 solertimIma:
947 3424 1014 3506 ipse
1031 3430 1137 3488 omnis
1152 3451 1216 3494 va-

164 3521 252 3585 cabat
272 3526 335 3586 suis
355 3524 556 3606 muneribus,
582 3522 677 3588 firma
698 3530 792 3588 etiam
813 3540 904 3592 utens
924 3529 1122 3623 valetudiue,
1150 3538 1214 3602 Dei

160 3627 315 3694 beneficio
336 3642 368 3696 et
388 3635 503 3716 conjux
523 3633 631 3698 beatus
651 3647 682 3700 et
701 3653 826 3720 parens.
867 3636 910 3700 Et
930 3636 1001 3701 tulit
1018 3643 1116 3706 etiam
1135 3645 1212 3712 fidei

161 3741 415 3825 constantiaeque
433 3744 622 3826 praemium.

244 3847 330 3910 Mire
350 3848 473 3935 accidit,
495 3863 538 3932 ut,
560 3873 634 3913 cum
653 3852 720 3936 ipse
739 3874 825 3918 auno
839 3859 1032 3943 octogesimo
1047 3881 1136 3924 nono
1150 3860 1210 3925 ab-

159 3952 278 4042 legatus
298 3968 378 4020 esset
397 3979 427 4037 a·
438 3957 604 4046 Principe,
623 3981 761 4029 unacum
781 3961 906 4031 Jacobo.
922 3964 1087 4053 Andreae,
1108 3970 1209 4035 Prae-
