2776 5124
94 1101 97 1107 '
181 1113 444 1181 mtrnrssrm
461 1115 662 1215 ,orionus
691 1121 1015 1190 ennosorfflffl

304 1221 492 1288 nncmm
518 1223 885 1319 srucrnrrssum,
1119 1215 1129 1229 ''

156 1490 265 1583 Quam
289 1489 519 1554 humanissime
547 1495 698 1579 requiris,
735 1495 832 1561 venia
858 1481 966 1582 parata
992 1511 1050 1567 est:
1086 1515 1121 1569 at

63 1599 145 1664 'rut
176 1599 280 1685 Ipsius
313 1599 557 1684 auditorumque
588 1600 684 1665 veniri
710 1601 876 1687 praefahor
902 1605 1049 1671 nonnihil
1078 1610 1121 1674 ad

67 1710 273 1776 recolendam
292 1713 375 1771 inter
395 1730 455 1771 nos
474 1711 667 1772 memoriam
680 1709 830 1776 Doctoris
844 1711 982 1802 theologi
994 1731 1123 1782 nostra-
1179 1693 1184 1701 a

68 1824 125 1906 tis,
163 1823 218 1903 qui
246 1839 321 1878 cum
346 1820 488 1879 maxime
513 1815 866 1905 Constantinopolitano
892 1827 1021 1911 itinere,
1050 1837 1123 1894 tum

67 1931 192 2012 scriptis
212 1925 320 1989 multis
338 1947 396 1989 sua
415 1938 516 1988 aetate
535 1927 697 2013 inclaruit,
717 1926 877 2011 Stephani
897 1927 1074 1997 Gerlachii.

154 2033 258 2098 Natus
275 2047 323 2098 est
340 2056 428 2099 auno
439 2055 536 2119 supra
551 2035 758 2100 millesimum
771 2039 1024 2122 quingentesimo
1040 2061 1124 2126 qua-

69 2145 260 2231 dragesimo·
281 2158 369 2209 sexto
403 2143 455 2207 die
481 2141 634 2227 Stephani
659 2145 857 2230 Knittlingae
887 2144 1005 2229 (nach
1031 2147 1120 2214 dem

68 2251 281 2339 Tagebuch
301 2274 334 2338 p.
354 2253 458 2338 too),
491 2264 581 2337 patre
598 2249 760 2339 Georgio,
789 2257 862 2319 cive
883 2253 1018 2318 honesto
1041 2260 1119 2342 qui-

69 2361 146 2426 dem
174 2376 205 2425 at
229 2361 370 2448 plehej0,
398 2362 567 2450 lapidatio,
599 2370 657 2450 qui
679 2366 788 2429 multis
807 2376 879 2450 post
896 2367 988 2427 anule
1008 2385 1027 2426 a
1046 2362 1120 2430 filiis

67 2469 259 2556 majoribus,
287 2493 328 2532 ex
345 2475 448 2555 priori
467 2476 618 2560 conjugio
634 2477 734 2560 natis,
766 2473 948 2560 persuaderi
967 2472 1027 2536 sihi
1044 2493 1120 2558 pas-

67 2600 123 2645 sus
150 2594 214 2665 est,
242 2590 280 2641 nt
295 2577 406 2642 relicta
422 2583 527 2664 patria
544 2585 699 2668 migraret
719 2603 793 2644 cum
810 2579 932 2643 familia
950 2583 986 2644 in
1005 2581 1122 2645 Mora-

67 2691 175 2773 viam,
197 2699 229 2752 et
247 2686 394 2762 fratribus
413 2688 577 2776 Moravis,
603 2687 825 2773 Anabaptistae
843 2690 900 2772 qui
919 2700 989 2750 tum
1009 2687 1121 2753 audie-

67 2795 167 2881 bant,
198 2809 379 2859 consortem
398 2818 434 2860 se
455 2796 655 2884 adjungeret,
686 2795 774 2860 haud
791 2796 895 2861 multo
914 2808 986 2882 post
1005 2797 1122 2866 defun-

69 2919 155 2994 ctus,
174 2905 373 2969 haerentibus
392 2904 438 2968 ibi
456 2911 552 2990 natis,
571 2927 658 2969 nunc
675 2901 872 2988 extorribus}

156 3014 293 3079 Meliore
312 3025 398 3078 sorte
416 3011 594 3097 Stephanus
611 3033 704 3097 usus,
726 3033 802 3074 cum
821 3011 995 3077 litterarum
1015 3018 1121 3102 prima

69 3122 254 3192 rudimenta
273 3121 429 3184 didicisset
445 3125 552 3204 primo
572 3123 607 3184 in
623 3116 731 3182 schola
742 3119 983 3210 Knitthngensi,
1005 3122 1141 3194 deinde

70 3231 349 3316 M'dckmiihlensi,
380 3227 512 3292 traditus
533 3238 597 3315 est,
627 3248 730 3291 annos
755 3242 847 3294 natus
868 3229 1054 3320 duodecim,
1082 3238 1120 3302 in

70 3339 317 3427 Stuttgardiense
334 3335 582 3424 paedagogium,
611 3333 668 3398 ubi
687 3336 765 3401 duce
784 3334 911 3399 Jonnne
941 3335 1117 3426 Wuehero,

71 3462 144 3512 tum
171 3448 429 3531 celebratissimo,
458 3448 552 3516 brevi
577 3460 702 3512 tantum
724 3445 874 3533 profecit,
904 3459 941 3515 ut
959 3471 1039 3535 puer
1058 3471 1121 3514 an-
1150 3485 1163 3505 e

71 3579 193 3624 norum
221 3556 459 3643 quatuordecim
482 3561 675 3644 reciperetur
700 3556 736 3620 in
763 3553 908 3620 scholam
926 3557 1121 3624 Maulbron-

71 3687 207 3731 nensem
227 3665 356 3750 (1560).

159 3772 317 3859 Magnum
335 3773 538 3862 theologum,
562 3774 613 3839 Jo.
636 3772 827 3857 Bromium,
853 3775 1001 3841 ecclesiae
1021 3776 1124 3842 stutt-

75 3881 249 3970 gardiensis
273 3887 505 3970 praepositum,
534 3881 668 3946 hahebat
693 3887 881 3969 cognatione
905 3883 966 3946 sibi
989 3889 1127 3971 propin·

76 4011 193 4078 qtmm3
213 3989 316 4080 hunc,
336 3991 539 4058 humanitatis
552 4002 648 4080 atque
661 3990 844 4057 officiorum
862 4013 936 4077 erga
949 3991 1029 4060 altos
1042 3992 1129 4059 haud
1166 3994 1172 4012 ¹
