2776 5124
273 519 284 537 f
362 438 560 509 Enrrou1s
597 439 841 510 Paaersrro.
1088 454 1128 545 lt

81 608 260 677 ervenium
280 624 408 697 quoque
428 605 469 671 ob
490 606 700 672 arctissimum
720 627 795 672 cum
813 607 916 696 patria
935 629 1053 678 nexum
1073 616 1129 681 vix

81 719 146 782 sore
164 721 420 802 impetraturmn.
444 756 445 760 =

161 824 305 912 Lipsiam
324 822 439 906 deinde
457 825 625 916 proiectas,
644 827 707 894 hoc
725 828 866 891 maxime
885 827 920 892 in
929 831 1012 896 votis
1021 829 1129 919 habui,

79 947 114 1000 ut
126 932 231 1001 celeb.
249 933 383 1007 Rursmr
400 935 437 997 in
455 933 565 1001 litteris
584 935 728 1002 Arabicis
747 937 942 1001 institutione
953 937 1025 1004 frui
1048 940 1128 1003 mihi

78 1049 193 1112 liceret.
234 1043 340 1130 Atque
359 1044 471 1108 annuit
487 1065 556 1108 uon
575 1045 676 1109 modo
696 1046 840 1132 petitioni
860 1067 951 1108 meae
970 1049 1022 1113 vir
1041 1050 1129 1134 opti-

78 1176 160 1241 mus,
178 1151 291 1235 sedin
311 1139 446 1216 domum
463 1174 593 1240 quoque
609 1174 701 1218 suam
713 1176 768 1218 me
775 1165 883 1242 postea
893 1158 1022 1241 recepit,
1043 1155 1129 1240 quod

76 1277 194 1350 quanto
213 1262 295 1327 mihi
310 1264 382 1326 usui
401 1262 495 1327 fuerit
514 1261 576 1326 dici
595 1265 651 1331 vir
670 1277 782 1350 potest.
823 1262 911 1327 Nam
929 1278 1052 1350 praeter
1064 1265 1127 1328 ho-

76 1394 148 1438 ram
166 1363 298 1458 singulis
317 1368 425 1435 diebus
444 1370 585 1458 legendis
603 1371 806 1458 scriptoribus
825 1370 967 1436 Arabicis
988 1372 1128 1438 destim-

76 1465 152 1568 tam‚
172 1479 295 1543 aditum
313 1479 395 1543 mihi
414 1477 454 1542 ad
473 1502 508 1546 se
526 1480 727 1546 liberrimum
747 1485 863 1568 quovis
876 1495 1021 1570 tempore
1034 1497 1128 1570 pate-

76 1591 156 1678 fecit,
174 1588 262 1654 libris
280 1601 348 1653 tam
367 1591 528 1676 impressis
549 1600 647 1676 quam
665 1592 770 1677 mstis,
795 1611 934 1676 quorum
960 1591 1127 1657 selectissi-

76 1721 165 1764 mam
184 1696 278 1762 habet
295 1697 434 1786 copiam,
452 1697 556 1764 studia
573 1719 647 1763 mea
665 1700 766 1786 juvit,
795 1700 956 1786 talemque
981 1722 1016 1764 se
1035 1699 1127 1787 mihi,

78 1820 111 1872 ut
129 1806 281 1876 brevibus
299 1804 423 1893 dicam,
449 1827 576 1893 semper
594 1805 752 1896 praebuit,
778 1819 815 1872 ut
833 1808 1051 1874 candidiorem
1070 1815 1126 1879 vi-

76 1939 149 1982 rum
168 1930 267 2004 atque·
281 1914 323 1979 ad
343 1915 499 2002 quaelihet
517 1901 620 1983 officia
640 1916 827 2002 praestanda
845 1921 1039 2003 paratiorem
1064 1942 1126 2006 ego

78 2025 207 2113 quidem
225 2028 434 2115 cognoverim
453 2025 590 2092 nullum.
629 2023 813 2089 Plurimum
833 2031 928 2090 etiam
948 2025 1048 2091 debeo
1065 2026 1126 2091 be-

77 2135 277 2202 nevolentiae
295 2154 322 2198 s.
341 2154 416 2202 ven.
434 2132 584 2220 Etutam,
603 2130 745 2220 theologi
764 2132 861 2220 longe
880 2133 1126 2223 celeb.,qnime,

76 2229 321 2331 quotiesmnque
339 2245 445 2328 ipsum
462 2241 594 2308 honoris
613 2262 705 2306 causa
723 2241 799 2329 adii,
818 2246 940 2330 excepit
957 2242 1127 2311 humanis-

76 2357 166 2437 sime,
185 2364 218 2416 et
232 2372 400 2438 nunquam
418 2352 481 2415 nisi
500 2349 676 2416 doctiorem
695 2372 715 2413 a
733 2371 768 2415 se
794 2349 924 2415 dimisit.
971 2349 1126 2417 Celeber-

75 2466 150 2530 rimi
167 2468 247 2528 sue.
265 2459 367 2527 Gutu.
385 2458 535 2548 Eaunsrr,
562 2459 760 2547 eloquentiae
783 2457 878 2546 profi,
896 2480 1024 2524 summe
1047 2483 1125 2528 ven.

73 2571 208 2660 Dsrnn,
228 2569 273 2658 pl.
292 2591 363 2638 rev.
381 2547 521 2657 Wusn,
540 2567 614 2634 AA.
633 2569 681 2634 Μ.
702 2581 732 2633 et
751 2565 937 2632 Catechetae
956 2580 1026 2632 tum
1040 2567 1124 2655 Lip-

74 2684 193 2768 siensis,
213 2680 361 2749 savorem
381 2690 474 2765 atque
494 2681 665 2743 amicitiam
684 2680 878 2767 singularem
905 2691 974 2744 tam
993 2679 1125 2745 feliciter

75 2791 173 2876 colui,
198 2803 235 2854 ut
260 2787 479 2875 jucundissimi
503 2787 586 2853 illius
612 2792 765 2874 temporis
785 2801 910 2876 gratam
930 2792 1124 2853 memoriam

61 2901 198 2965 ¹nullum
217 2920 361 2985 unquam
380 2911 505 2983 tempus
525 2918 563 2960 ex
583 2899 692 2960 animo
711 2899 751 2962 sit
770 2896 958 2962 deleturum.

155 3008 276 3072 Halam
296 3029 423 3094 quoque
441 3007 490 3070 bis
509 3005 681 3091 profectus,
710 2990 798 3073 siros
826 3006 1011 3070 eruditionis
1030 3005 1124 3074 laude

74 3118 279 3198 clarissimos,
307 3136 333 3184 s.
355 3136 429 3182 ven.
450 3112 639 3199 Summanu,
660 3113 886 3201 Nomentum,
903 3112 944 3187 pb.
966 3114 1123 3184 Kuozmtt

73 3227 211 3312 adosque
229 3207 452 3292 conveniendi
461 3225 659 3287 occasionem
682 3221 790 3290 habui.

153 3334 233 3398 Post
250 3345 372 3420 septem
391 3333 458 3399 fere
476 3353 601 3396 menses
621 3332 745 3418 Lipsiae
772 3343 943 3400 transactos
962 3333 1124 3400 Dresdam

72 3441 144 3529 abii,
164 3439 507 3528 inde'Wittebergam‚
527 3460 624 3526 porro
640 3439 840 3511 Berolinum.
882 3443 1124 3533 Hic7quodali-

72 3548 104 3612 bi
122 3554 220 3613 etiam
239 3550 309 3638 feci,
330 3554 528 3615 occasionem
542 3553 739 3636 praetermisi
756 3551 889 3640 nullam,
909 3554 1124 3617 indoctorum

72 3669 103 3722 et
121 3657 370 3724 clarissimorum
387 3661 544 3744 virorum,
564 3679 703 3744 quorum
722 3669 844 3723 tantam
863 3661 939 3726 urbs
958 3663 1012 3727 illa
1029 3664 1123 3748 copi-

72 3786 125 3830 am
144 3767 248 3856 habet,
267 3781 423 3855 quantum
443 3770 477 3840 in
497 3765 673 3832 Germania
686 3781 793 3833 nostra
813 3775 870 3840 vix
888 3773 953 3837 nlla
966 3774 1038 3863 alia,
1058 3797 1124 3839 no-

71 3875 171 3940 titiam
190 3876 409 3963 perveniendi.
449 3874 502 3940 Ac
523 3886 609 3962 grata
621 3877 768 3962 inprimis
783 3885 941 3949 memoria
954 3906 1121 3970 uunquam

71 4002 138 4049 non
158 4005 330 4073 prosequar
351 3985 610 4056 benevolentiam
634 4006 660 4052 r.
686 4010 721 4057 v.
747 3988 1010 4081 Tremuntque
1035 4015 1062 4060 s.
1086 4015 1121 4062 v.
