2776 5124
222 414 249 495 J
276 421 317 482 38
490 442 493 447 ·
553 411 759 500 Entrjonss
801 410 1047 482 Pnsnrsrto.

281 580 481 669 movebitur,
510 592 542 646 et
560 577 633 667 Tu,
664 577 851 664 Evangelici
878 576 1133 651 Protestantismi
1154 580 1342 673 solidaeque

215 686 226 694 ’
281 692 467 760 eruditionis
485 688 666 777 multiplicis
686 687 776 754 sedes
794 687 970 774 indivulsa,
997 686 1174 757 dummodo
1194 691 1342 760 doctori-

188 804 192 813 '
284 803 354 891 bus,
373 797 551 867 dummodo
563 797 758 866 curatoribus
766 800 989 891 etpraepositis
1001 798 1173 886 gaudebitis
1181 800 1340 869 Sonunn.

189 958 192 963 -
282 931 367 979 nuno
387 906 552 997 quondam
569 919 679 979 nostro
698 908 873 995 virtutum,
899 906 1014 993 quibus
1032 907 1208 1002 eminebat,
1233 917 1341 1001 copia,

282 1018 517 1087 alienationum
535 1022 671 1102 raritate,
691 1015 944 1106 aequiparandis.
1281 1004 1286 1008 ¹

324 1125 639 1218 Heidelbergae,
657 1135 699 1192 20
718 1125 798 1191 Jan.
821 1131 913 1198 1827.

644 1238 688 1312 D·
707 1237 818 1312 Hui.
838 1235 961 1307 narra
981 1231 1129 1309 Gonnos
1149 1235 1298 1316 Pronus,

680 1403 936 1426 ...anun—quq

284 1516 827 1589 Auronroensrurcs
927 1477 1339 1596 orsuruuouns

588 1627 621 1702 n,
663 1625 1026 1699 cnuonnnnnn

286 1760 326 1824 de
352 1760 571 1845 semiseculari
596 1761 777 1845 magisterii
796 1759 1013 1851 philosophici
1035 1759 1260 1835 recordatione
1287 1787 1341 1829 so,

491 1863 611 1936 lemnia
631 1863 726 1957 quasi
738 1864 899 1946 jubilario
919 1864 1121 1959 celebrantis,

737 1979 751 2046 l.
777 1978 796 2046 8
821 1979 891 2046 122

369 2126 449 2192 Non
467 2137 571 2213 potest
589 2146 657 2197 non
674 2128 893 2210 maximopere
913 2128 1059 2190 animum
1077 2148 1189 2194 meum
1212 2128 1345 2199 afficere

287 2235 465 2329 recordatio
486 2237 553 2320 ejus
570 2237 629 2318 rei,
650 2236 738 2320 cujus
758 2232 815 2321 abs
834 2232 884 2300 Te
905 2257 1032 2320 qnoque
1050 2241 1172 2301 mentio
1184 2237 1264 2304 facta
1277 2262 1343 2327 pro

287 2343 450 2431 singulari,
467 2364 548 2429 quae
569 2346 605 2416 in
624 2343 674 2408 Te
694 2356 749 2432 est,
768 2344 964 2413 humanitate
983 2357 1015 2407 et
1035 2366 1109 2436 erga
1128 2368 1182 2410 me
1189 2346 1342 2416 benevo-

288 2455 396 2542 lentia,
416 2473 477 2534 me,
498 2456 587 2540 cujus
605 2475 691 2526 nuno
710 2468 767 2543 est,
786 2461 917 2527 veniam
935 2455 1046 2541 largiri
1066 2459 1235 2540 magistros
1255 2455 1343 2543 legi-

287 2565 367 2628 time
385 2561 599 2648 renuntiandi,
618 2573 695 2631 ante
714 2559 773 2623 hos
791 2561 1029 2644 quinquaginta
1050 2583 1156 2623 annos
1172 2573 1204 2624 et
1221 2562 1341 2646 ipsum,

288 2668 378 2731 intra
398 2667 491 2730 hosce
508 2667 658 2749 parietes,
680 2666 795 2733 eodem
817 2666 1054 2756 propemodum
1080 2669 1157 2732 anni
1182 2679 1344 2758 tempore,

287 2773 429 2860 hisipsis
447 2772 569 2861 ritibus,
592 2774 784 2860 magistrum
802 2774 904 2860 fnisse
923 2775 1160 2861 renuntiatum,
1181 2799 1271 2845 nuno
1292 2801 1343 2843 seq

288 2881 522 2956 miraculorem,
1057 2932 1060 2937 -

373 2988 533 3076 Equidem
557 2984 643 3060 haud
666 2989 791 3077 nesoiO,
817 2988 914 3059 sitisse
937 2986 1086 3079 subinde,
1115 3003 1148 3056 et
1173 3013 1257 3080 esse,
1284 2999 1345 3081 qui

290 3095 485 3163 academicas
504 3096 745 3185 adpellationes,
764 3110 800 3171 ut
818 3120 918 3169 vanas
935 3101 1126 3187 inanesque,
1153 3106 1344 3170 contemtim

289 3202 443 3292 habeant,
474 3205 704 3293 repudientque
734 3188 845 3277 earum
870 3211 968 3272 etiam
994 3211 1205 3294 memoriam,
1239 3208 1346 3286 ¹veluti

291 3313 441 3381 Dsrrnns
460 3315 693 3402 Rnnunnurns,
714 3316 974 3388 celebratissimus
991 3315 1045 3380 ille
1070 3314 1248 3384 litterarum
1274 3315 1345 3380 hu-

289 3427 475 3487 maniorum
492 3423 653 3511 professor
672 3423 823 3513 Lugduni
839 3425 1050 3512 Batavorum,
1070 3423 1110 3495 de
1130 3445 1193 3509 quo
1214 3427 1250 3496 in
1260 3425 1344 3492 Vita

288 3533 358 3616 ejus
383 3530 540 3618 eleganter
564 3536 679 3620 scripta
704 3532 783 3604 haec
807 3533 913 3603 retulit
934 3531 1066 3601 Dsutnn
1091 3531 1343 3617 Wrtrnunscn,

289 3657 364 3724 pag.
383 3644 468 3727 262,
488 3660 568 3724 quae
583 3643 681 3726 ipsius
699 3628 807 3716 verbis
823 3640 978 3712 recitabo:
998 3639 1343 3728 „AdolescensWite-

289 3740 407 3832 bergae
432 3760 553 3812 creatus
580 3762 647 3813 erat
671 3749 895 3837 Philosophiae
928 3751 1051 3815 Doctor
1082 3762 1114 3815 et
1139 3747 1342 3818 Liberalium

290 3853 422 3917 Artium
441 3854 609 3942 Magister:
628 3879 706 3922 mox
725 3865 760 3924 in
778 3858 948 3929 Bataviam
966 3858 1095 3945 delatus,
1114 3856 1199 3922 hunc
1210 3857 1343 3949 titulum

289 3962 369 4028 adeo
389 3984 456 4029 nou
476 3970 703 4050 praesentit,
723 3984 758 4035 nt
769 3990 867 4052 nemo
877 3972 1045 4057 quIsquam
1057 3968 1245 4052 rescisceret,
1261 3987 1342 4032 eum
