2776 5124
192 452 254 514 ²28
353 444 407 511 Dr
421 453 655 523 Trrocurrnrr
672 455 820 543 Teucros
834 451 1091 525 Communem.

191 619 305 698 turque
319 612 459 689 Lexicon
473 619 574 688 Golii:
594 625 635 686 ita
648 620 1033 706 constantinopolitanum
1052 622 1135 709 opus
1147 642 1243 711 prae*

190 717 292 783 fixum
316 726 377 790 sihi
400 730 494 795 habet
513 751 636 795 nomen
655 728 875 814 Wan-Kirli,
906 730 992 814 quod
1012 734 1068 817 qui
1087 739 1243 799 turcicam

190 829 482 920 interpretationem
515 838 647 903 arabicis
683 837 814 906 vocibus
846 837 1041 928 subjecisset,
1084 855 1167 906 esset
1204 866 1243 907 ex

188 935 325 1032 Wano,
353 945 528 1017 Armeniae
547 949 676 1036 majoris
696 949 830 1036 oppido,
855 947 1025 1034 oriundus,
1051 961 1146 1036 atque
1165 951 1242 1016 hinc

184 1047 354 1126 Wankuli
372 1060 482 1128 dictus.
526 1138 529 1145 Ι
1163 1074 1165 1078 ’

272 1209 402 1278 Secutus
427 1223 474 1276 est
497 1207 578 1274 liber
595 1206 779 1294 historicus,
809 1200 864 1294 qui
884 1208 994 1295 magni
1013 1202 1097 1274 inter
1116 1197 1238 1280 Turc'as'

185 1321 327 1386 nominis
345 1331 509 1384 auctorem
528 1314 639 1402 habet,
667 1320 793 1404 agitque
814 1315 854 1379 de
874 1313 964 1380 bellis
984 1318 1238 1386 Osmanidarunt

185 1432 268 1493 mari
295 1432 400 1516 gestis,
434 1421 545 1493 additis
575 1428 671 1491 etiam
698 1425 812 1490 tabulis
838 1426 1068 1515 geographicis,
1096 1446 1236 1515 quarum

184 1539 289 1625 prima
322 1537 446 1602 exhibet
476 1545 649 1623 utrumque
676 1526 959 1619 Hemisphaerium
985 1545 1150 1624 terrestre,
1183 1561 1237 1602 se-·

185 1644 291 1708 cunda
310 1669 400 1710 mare
419 1645 687 1710 mediterraneum
707 1654 739 1706 et
757 1640 903 1728 nigrum,
924 1640 1014 1705 tertia
1034 1645 1152 1711 insulas
1168 1649 1235 1709 im:-

181 1759 272 1841 perio
292 1757 468 1822 Osmanico
487 1749 653 1840 subjectas,
676 1762 788 1836 quarta
809 1753 915 1814 sinum
935 1750 1137 1842 Adriaticum
1159 1779 1234 1820 cum

180 1869 244 1930 suis
263 1866 383 1930 insulis.
423 1863 605 1948 Tantopere
624 1858 783 1946 probatus
796 1872 843 1926 est
862 1861 942 1926 liber
953 1861 1081 1948 Turcis,
1103 1876 1138 1927 ut
1152 1878 1232 1930 mot

179 1991 267 2040 nova
287 1972 430 2061 ejusdem
449 1971 560 2058 editio,
587 1991 668 2058 quae
687 1981 794 2035 tamen
814 1973 955 2057 primam
970 1985 1075 2038 exacte
1088 1972 1232 2060 referret,

175 2096 257 2152 esset
275 2080 424 2149 curanda.

262 2232 389 2300 Tertius
418 2230 514 2319 liber,
551 2230 733 2318 inscriptus-r
762 2230 950 2299 Chronicon
980 2227 1230 2323 peregrinantis,

175 2346 295 2407 turcico
314 2365 464 2406 sermone
483 2339 603 2411 bellurn
623 2344 753 2427 exponit
772 2339 812 2405 ab
833 2342 991 2429 -Agwanis
1013 2358 1122 2409 contra
1143 2345 1229 2412 Per*

175 2471 226 2517 sas
246 2464 379 2536 gestum.
420 2447 525 2534 Hujus
545 2448 618 2511 libri
633 2461 803 2534 postquam
814 2451 1000 2536 exemplum
1015 2453 1145 2538 aliquod
1162 2456 1226 2520 ob-

174 2559 317 2623 tinuisset
336 2556 392 2621 J0.
410 2555 577 2620 Christian.
597 2553 743 2642 Clodius,
771 2557 931 2642 professor
951 2560 1149 2625 arabicarum
1170 2565 1227 2646 lit-

172 2676 313 2730 terarum
331 2664 519 2751 Lipsiensis,
549 2663 681 2749 dignum
702 2687 777 2728 eum
798 2669 1003 2755 existimavit,
1031 2693 1129 2754 quem
1150 2695 1170 2737 a
1191 2697 1225 2739 se

171 2771 269 2840 latine
304 2773 496 2841 conversum
529 2773 647 2836 iterum
679 2771 787 2837 ederet
822 2789 948 2843 servato
984 2781 1081 2841 etiam
1118 2784 1225 2852 titulo,

172 2883 300 2948 Verum
319 2880 667 2965 Constantmopolitana
688 2881 783 2946 editio
811 2886 879 2970 ipsa
899 2908 966 2950 non
993 2899 1040 2951 est
1058 2891 1121 2952 nisi
1142 2915 1223 2977 ver-

171 2994 218 3058 sio
244 3016 283 3056 ex
307 2991 404 3056 latino
429 3010 592 3075 sermone,
623 2991 765 3055 confecta
785 2991 824 3056 ab
845 2991 1029 3080 lbrahimo,
1059 3008 1222 3086 typogra-

168 3099 262 3188 phiae
288 3105 424 3164 turcicae
447 3100 596 3182 magistro
603 3148 613 3179 ,
644 3101 700 3183 qui
726 3121 765 3162 ex
786 3101 969 3191 Hungaria,
1000 3118 1036 3168 ut
1062 3107 1220 3200 diximus,

168 3211 374 3275 achristianis
386 3206 567 3296 parentibus
582 3219 685 3295 ortus,
711 3207 799 3272 latini
813 3216 968 3276 sermonis
984 3216 1113 3298 ignarus
1129 3216 1219 3284 haud

167 3331 244 3383 erat·
282 3317 388 3382 Verus
411 3316 485 3380 libri
511 3326 620 3379 auctor
641 3328 687 3379 est
706 3313 894 3382 Thaddaeus
914 3319 1113 3411 Krusinsky,
1145 3325 1219 3392 Po-

164 3425 275 3512 lonus,
297 3428 439 3490 societati
458 3423 484 3487 J
486 3446 539 3486 esu
560 3425 637 3486 olim
659 3424 848 3512 adscriptus,
874 3432 944 3514 qui,
965 3428 1114 3513 Ispahani
1135 3435 1217 3500 dum

163 3533 291 3620 degeret.
305 3557 362 3620 per
373 3532 551 3618 complures
564 3553 678 3616 annos,
700 3554 873 3618 rerumque
887 3551 1045 3622 gestarum
1059 3564 1216 3627 magnam

145 3655 285 3724 ‘partem
313 3648 380 3728 ipse
407 3653 574 3726 spectaret,
606 3640 770 3704 historiam
796 3641 871 3705 belli
896 3645 1088 3730 Agwanitici
1112 3649 1214 3717 latine

160 3755 361 3837 conscripsit,
391 3749 509 3813 editam
527 3748 732 3833 postmodum
752 3748 884 3816 LutetiIs
906 3753 1120 3842 Parisiorum,
1147 3761 1213 3824 ali-

160 3856 273 3946 bique,
301 3879 338 3921 ac
361 3859 536 3922 novissime
554 3853 690 3941 Leopoli
716 3879 801 3920 anno
823 3859 915 3946 hujus
936 3862 1049 3924 saeculi
1068 3866 1212 3948 quadra-

163 3970 295 4054 gesimo.
337 3964 446 4030 Immo
473 3977 504 4028 et
522 3948 675 4030 Turcieae
701 3963 785 4030 illius
805 3972 959 4035 versionis
986 3992 1083 4037 verus
1100 3988 1214 4042 auctor
