2776 5124
460 471 468 498 ·³
530 443 865 518 flimsnsmmroz
1153 453 1214 518 tit

164 615 303 680 diversis
318 606 721 713 adicientem-quaecum
733 613 842 685 multis
849 608 945 693 MSS,
959 611 1131 703 'diligenter
1147 616 1217 681 col-
1246 675 1248 679 ,

163 723 247 787 latae
263 722 407 809 luerent,
426 741 524 806 quem
545 726 811 817 correctissimum
831 727 910 789 sene
922 742 1086 790 recensere
1101 722 1217 809 studui,

165 845 199 896 et
217 829 256 894 ab
276 830 345 898 aliis
359 828 488 915 quidem
504 819 624 916 aliquot
635 820 759 903 mendis
773 831 921 912 liberavi3
942 831 997 896 sed
1013 832 1119 896 nullae
1134 854 1216 918 ope·

163 960 276 1004 rarum
298 939 453 1026 perfectae
478 951 561 1004 sunt.
589 975 632 990 -
661 934 705 1003 II.
725 937 872 1025 Singulis*
884 936 1036 1024 capitibus
1060 939 1232 1024 subjectae·

164 1045 404 1114 euntsdiversae
422 1046 588 1134 lectiones,
607 1029 643 1112 in
662 1043 775 1131 quibus
795 1058 904 1110 tamen
924 1047 1110 1111 annotandis
1124 1069 1216 1110 sum-

164 1175 258 1219 mam
286 1149 459 1244 ἆκριβειαν
485 1153 635 1218 adhibere
659 1174 729 1218 non
756 1151 936 1218 consultum
957 1151 1134 1238 vjudicatum
1155 1168 1216 1237 est;

164 1282 250 1349 quae
276 1266 364 1328 enim
391 1261 447 1329 vel
473 1264 579 1348 exigui
605 1259 660 1328 vel
686 1260 805 1324 nullius
832 1280 934 1348 prope
960 1260 1111 1352 ponderis
1129 1267 1217 1334 visae
1307 1263 1313 1273 '

162 1383 255 1461 sunt,
277 1370 421 1436 consulto
441 1377 516 1435 sunt
533 1363 727 1455 neglectae.“
922 1415 927 1423 .

249 1479 377 1573 Quibus
402 1501 443 1545 ex
467 1476 573 1544 verbis
596 1475 682 1540 haud
707 1473 802 1541 dubie
822 1476 1021 1567 intelligitur,
1057 1496 1122 1543 nou
1151 1485 1216 1547 nisi

165 1590 324 1654 editiones
344 1587 498 1653 adhibitas
517 1585 626 1670 fuisse,
646 1583 740 1648 factas
756 1583 824 1648 illas
843 1585 972 1670 quidem
992 1609 1011 1653 a
1030 1592 1093 1654 suis
1112 1590 1216 1654 edito.

163 1695 254 1762 ribus
277 1696 319 1760 ad
345 1708 504 1762 mstorum
530 1696 762 1777 auctoritatem,
788 1691 874 1756 haud
892 1716 973 1760 vero
991 1695 1120 1782 abipso
1140 1699 1214 1763 Ha-

162 1803 335 1871 fenreffero
362 1803 489 1870 collatas
510 1821 585 1866 cum
610 1798 779 1865 codicibus,
826 1797 924 1864 Unde
937 1823 1041 1889 -porro
1065 1805 1215 1873 lectiones

163 1915 264 1978 etiam
295 1915 453 1981 variantes
486 1930 525 1977 ex
550 1908 626 1975 solis
647 1907 715 1975 illie
745 1906 934 1977 editionibus
962 1927 1121 2002 excerptas
1149 1938 1217 1986 esse

164 2021 319 2089 credibile
339 2037 397 2090 est.
723 2099 725 2104 ,

248 2128 292 2196 Et
310 2129 418 2196 docuit
434 2149 495 2195 nos
513 2130 647 2196 omnino
671 2129 812 2195 instituta
834 2131 977 2222 collatio,
1004 2157 1116 2203 oerum
1137 2138 1215 2227 son-

164 2247 248 2325 tem,
277 2238 364 2304 unde
388 2239 461 2305 illae
479 2241 714 2328 promannrint,
735 2261 801 2303 esse
824 2239 964 2303 nobilem
985 2241 1078 2306 illam
1098 2247 1216 2311 editio-

165 2368 242 2410 nem
264 2344 493 2429 Stephone'ccm
518 2367 550 2411 a.
567 2345 680 2413 MDL.
705 2347 834 2412 Etenim
854 2349 1091 2434 propemodum
1110 2355 1216 2420 nullae

163 2466 356 2541 cernuntur,
373 2474 464 2539 cquae
482 2474 550 2517 non
567 2456 603 2516 in
622 2453 819 2542 Stephanicis
838 2477 973 2541 quoque·
986 2456 1078 2521 codd.
1098 2459 1215 2547 depre-

163 2561 362 2627 hendantur:
394 2573 529 2646 suntque
553 2565 636 2626 inter
658 2563 728 2627 illa-s
754 2561 840 2626 haud
863 2583 998 2651 paucae,
1031 2587 1109 2652 ques
1134 2591 1216 2636 unus

165 2669 280 2754 aliquis
307 2665 406 2732 codex
426 2664 577 2752 Stephani
603 2669 663 2734 sibi
690 2669 831 2736 vindicat
849 2680 885 2732 ut
901 2674 1011 2756 privas
1031 2693 1069 2736 ac
1086 2697 1216 2761 prorsus

165 2779 351 2864 peculiares.
390 2776 502 2841 Veluti
528 2776 572 2840 ed
597 2777 668 2842 cod.
692 2777 800 2868 Steph.
818 2805 856 2867 η,
893 2777 1003 2844 West.
1025 2777 1066 2843 L.
1093 2793 1129 2844 ut
1152 2782 1215 2847 boc

152 2872 315 2972 utamur,
338 2906 417 2950 nam
441 2884 481 2949 de
507 2883 655 2949 omnibus
676 2909 770 2972 agere
794 2896 880 2959 vetat
899 2883 1024 2948 chartae
1041 2885 1134 2973 hujus
1153 2911 1215 2956 an.

166 2999 285 3082 gustia,
315 2999 474 3081 pertinent
501 3013 591 3080 seqq.
606 2993 729 3058 March.
750 3001 785 3080 7,
820 3000 835 3058 l
857 3021 905 3081 μη
925 3017 1063 3081 repetere,
1087 3021 1142 3063 ινα
1165 3026 1213 3086 μη

167 3107 326 3193 κριθητε,
351 3129 398 3190 μη
421 3102 667 3182 nereditatem,
689 3126 748 3167 και
770 3125 789 3167 e
808 3127 856 3187 μη
877 3103 1163 3185 καταδικασθητε.
1187 3129 1216 3171 c.

172 3219 221 3298 16,
242 3219 261 3276 3
282 3212 526 3296 εδοκιμαζετε,
553 3231 614 3294 pro
634 3233 652 3276 e
672 3212 834 3278 ὃυνασθε.
855 3218 997 3298 c.22,10
1020 3216 1214 3300 επλησθηο

167 3343 318 3414 emperor.
341 3321 444 3384 Marc.
470 3323 506 3405 8,
538 3324 579 3383 29
609 3319 739 3408 Χριςος
766 3346 785 3386 o
812 3345 884 3398 νιος
910 3345 951 3387 cc
977 3321 1051 3386 Θεε.
1092 3321 1156 3387 Sed
1183 3340 1214 3394 et

169 3427 303 3495 Erosm.
319 3428 407 3491 editt.
426 3426 581 3492 adhibitas
595 3425 687 3492 fuisse
693 3476 704 3516 ,
723 3427 808 3491 baud
828 3427 958 3494 obscure
977 3430 1161 3518 intelligitur
1178 3457 1217 3500 ex

166 3555 256 3623 seqq.
281 3542 365 3604 verr.
384 3533 457 3603 lect.
475 3533 591 3603 Matth.
612 3542 667 3623 11,
699 3540 737 3601 18
759 3562 817 3604 και
835 3539 984 3623 tepere,
1013 3563 1067 3606 οτι
1085 3565 1215 3629 noemia

169 3671 250 3726 egen.
270 3669 297 3713 c.
316 3653 408 3729 14ss
432 3670 478 3724 εις
501 3648 664 3740 φυλακην.
690 3649 1011 3738 ο.15,19φθονοι.
1035 3645 1117 3732 Eph.
1142 3657 1172 3717 3.
1200 3659 1212 3715 1

171 3761 283 3824 tovos
298 3781 513 3842 κεκαυχημαι.
536 3763 550 3820 1
565 3754 652 3820 TIm.
669 3749 704 3839 5,
718 3761 756 3820 21
776 3778 864 3821 κατα
880 3755 1076 3844 προκλησιν,
1101 3767 1131 3817 et
1146 3778 1217 3818 cre-

172 3864 268 3929 dibile
290 3877 336 3928 est
352 3868 447 3927 etiam
468 3883 582 3950 exce,
609 3862 694 3949 quod
715 3875 816 3927 textus
834 3860 1011 3956 Hufenrell.
1031 3882 1217 3926 accommo-

174 3967 264 4039 datus
282 3975 321 4038 sit
339 3975 479 4040 menime
498 3969 540 4037 ad
559 3974 776 4038 recensionem
792 3970 934 4058 natm,
953 3964 1040 4058 cujus
1057 3974 1151 4037 etiam
1165 3971 1216 4038 la-
