2776 5124
163 434 203 495 58
370 421 482 489 Pan.
502 420 728 490 Mesenen·
743 438 811 488 nns
832 418 1003 486 Torrnc.

161 606 244 678 tam,
265 587 531 677 commendasset,
553 597 587 655 et
609 589 715 671 jussus
738 607 760 656 a
784 585 929 678 principe
951 585 1069 654 litteras
1087 591 1129 655 ad
1155 593 1217 660 Jo.
1242 562 1249 567 ’

162 701 338 765 Bnnurruu
359 707 535 783 exarescet,
565 693 783 781 quibuscum
806 693 848 757 ad
873 696 1109 784 suscipiendum
1132 698 1218 764 doc-

52 802 55 812 ’
161 812 240 874 toris
259 827 377 874 munus
396 807 433 870 in
452 803 561 871 schola
575 800 777 895 Tubingensi
792 803 942 874 invitaret
951 828 966 881 ς,
982 804 1071 892 quod
1081 806 1216 892 quidem

161 928 316 987 eventum
334 912 446 980 habuit
464 911 564 1000 hunc,
579 925 615 977 ut
634 933 699 1004 pro
714 915 812 982 unius,
828 915 906 976 anni
925 916 1031 1002 spatio!
1045 913 1216 1004 Tubingae

161 1048 197 1092 se
232 1046 320 1090 nunc
354 1020 540 1089 concederet
579 1018 759 1092 Brennus,
812 1021 1065 1093 Mourenrnon
1105 1036 1216 1088 autem

164 1131 391 1219 Goeppingam
406 1150 547 1217 pergens
562 1140 661 1219 atque·
674 1127 881 1216 Elwangam„
895 1142 1064 1215 postquam
1076 1127 1216 1196 Norim-

162 1241 277 1329 bergae
296 1238 442 1305 nonnihil
461 1257 579 1300 morae·
590 1236 724 1317 fecisset„
741 1235 851 1303 salvus.
866 1240 1015 1322 pervenit
1027 1235 1217 1304 Witteber-

164 1371 250 1436 gam.
300 1346 399 1414 Brevi
423 1357 496 1432 post
521 1366 596 1408 crnn
616 1341 829 1413 Smalcaldiae,
854 1357 1030 1417 conventus
1058 1359 1217 1433 ageretur,

161 1468 327 1543 praesente
334 1458 430 1519 etiam
443 1456 579 1519 Unnrco
588 1475 689 1540 nuce,
702 1473 768 1522 una
777 1472 853 1521 cum
861 1457 1086 1521 Banrnasnnn
1101 1455 1218 1516 Giinr-

165 1584 303 1650 nrucro,
344 1561 531 1629 administro
560 1563 735 1647 primarIo,
763 1560 982 1646 theologisquc
1008 1565 1072 1626 suis
1098 1567 1220 1639 ,Suni-

164 1677 453 1752 r10,Bmonnno,
483 1670 682 1755 Gnarrnno,
709 1670 827 1739 iterum
851 1666 961 1733 sedulo
989 1680 1096 1733 actum
1123 1682 1170 1735 est
1199 1693 1219 1735 a

164 1777 291 1862 nostris,
310 1787 345 1838 ut
364 1774 590 1862 persuaderent
610 1773 1220 1865 Mnnrncnrnnn1,Tubingaedomi-

165 1883 273 1947 cilium
292 1883 464 1970 sedemquc
483 1882 646 1949 doctrinae.
665 1904 743 1951 suae
764 1887 965 1955 constituere·

250 1991 314 2057 Sed
336 1993 494 2058 recusavit
519 1990 574 2058 ille
595 1991 819 2083 conditionem
851 1991 1010 2079 oblatam,
1037 2011 1106 2058 non
1132 1994 1222 2080 quod

166 2099 314 2189 Tubinga
333 2103 394 2189 ipsi
415 2099 601 2187 displiceret,
620 2099 676 2170 sed
696 2100 782 2189 quod
803 2112 834 2165 et
853 2102 1005 2187 principis
1012 2103 1142 2188 ingenio
1152 2124 1224 2167 non

47 2278 50 2282 ,
164 2210 262 2297 plane
281 2207 394 2272 fideret
413 2221 445 2272 et
463 2208 549 2271 haud
568 2212 746 2302 ignoraret,
773 2210 809 2277 in
836 2209 909 2277 aula
928 2208 1223 2300 Wiirtembergica

167 2316 293 2385 diversa
313 2337 380 2382 esse
398 2315 560 2404 religionis
579 2315 692 2385 studia.

251 2423 323 2488 Nec
341 2426 444 2509 magis
462 2429 606 2489 successit
624 2427 810 2513 negotium,
831 2446 906 2493 cum
925 2425 1049 2519 denuo,
1077 2425 1137 2491 suh
1158 2449 1225 2492 an-

168 2557 250 2600 num
274 2532 352 2599 1545
373 2530 465 2594 illurn
485 2544 615 2598 vocaret
632 2532 696 2598 dux
716 2533 1056 2621 Wiirtembergensis,
1088 2536 1225 2621 epistola

87 2669 90 2675 *
167 2664 224 2708 sua
242 2642 340 2727 ipsius
359 2661 459 2702 manu
478 2638 519 2703 ad
540 2662 615 2703 eum
634 2646 815 2729 perscripta,
836 2665 1031 2730 quamquam
1059 2639 1225 2708 Carnona-

167 2769 244 2816 ruus
265 2752 363 2812 etiam
383 2746 497 2810 eodem
517 2759 662 2834 ternpore
681 2755 829 2839 repetitus
838 2763 885 2815 est
895 2749 1014 2836 Lipsia.
1042 2730 1224 2817 Enimvero
1241 2800 1244 2808 .

63 2938 64 2942 ,
166 2869 280 2924 neuter
307 2858 436 2920 annuit:
466 2875 570 2940 neque
597 2859 685 2919 enirn
713 2862 820 2925 visum
852 2871 920 2923 erat
938 2858 1022 2944 Deo,
1043 2856 1224 2924 clarissima

60 2996 62 3000 ³
167 2966 245 3031 haec
265 2965 388 3028 lumina
408 2965 542 3050 pristino
562 2963 634 3028 loco
654 2969 825 3032 restituere.

59 3138 63 3145 ,
254 3072 360 3158 Atque
380 3072 459 3136 haec
477 3072 650 3159 fere-sunt,
679 3096 759 3161 quae
787 3073 919 3139 dicenda
945 3069 1043 3136 habui
1068 3071 1226 3140 derebus

169 3181 265 3246 Pura.
285 3180 565 3250 Mrmucrrrrronrs
584 3180 849 3270 Tuhingensihus.
897 3181 995 3245 Nrmc
1019 3179 1059 3245 ad
1079 3179 1159 3243 illud
1179 3181 1226 3244 li-

170 3301 221 3356 cet
239 3288 397 3379 accedere,
416 3293 504 3380 cujus
523 3311 615 3356 causa
634 3289 712 3358 haec
730 3293 912 3360 solemnitas
931 3290 1072 3355 instituta
1083 3299 1129 3354 est
1149 3300 1213 3354 etc.

594 3580 857 3606 ’.ἡ
