2776 5124
236 425 294 488 118
400 412 510 482 sors.
526 411 683 482 Gramen
698 438 736 481 rr
750 416 838 484 Aera
853 417 1109 490 Turruorrsmu

230 579 645 676 precibus-commendatus,
664 580 749 645 illico
766 581 903 648 discessit
910 584 1061 674 Tubings
1076 609 1164 653 nono
1176 590 1287 679 Apri-

228 695 269 760 lis
288 692 356 777 die,
377 686 600 753 comitantibus
617 688 720 753 tribus
735 695 848 756 amicis
860 694 1083 781 Reutlingam.
1120 697 1286 768 Morbum

228 807 264 869 in
282 803 394 866 itinere
414 818 547 884 gravem
566 818 752 885 perpessus,
774 813 863 864 sexto
881 800 1017 889 Augusti
1035 806 1166 873 intravit
1185 806 1285 873 Con.

226 907 475 996 stantinopolin,
508 905 566 969 ubi
591 905 725 971 substitit
751 908 865 973 abhinc
896 917 1035 998 quinque
1066 935 1171 980 annos
1196 921 1303 982 con-³

228 1023 351 1106 anuos,
370 1017 557 1101 Incolumis,
581 1014 621 1077 ab
641 1017 731 1080 omni
749 1020 865 1102 injuria
884 1033 915 1084 et
934 1021 1119 1088 discrimine
1134 1037 1233 1091 tutus.

310 1126 535 1192 Memorabilis
557 1137 604 1190 est
630 1121 709 1188 haec
735 1130 947 1192 commoratio
973 1143 1156 1219 eapropter,
1190 1135 1283 1221 quod

225 1238 313 1326 fecit,
345 1251 381 1302 ut
405 1239 520 1322 scripta
547 1235 861 1299 communicarentur
882 1236 923 1300 de
944 1237 1087 1304 doctrina
1107 1241 1283 1309 christiana

223 1347 309 1412 inter
324 1343 490 1432 theologos
507 1354 662 1409 nostrates
681 1353 713 1406 et
733 1341 964 1406 Patriarcham
987 1344 1187 1413 Graecorum
1209 1353 1284 1437 pri-

223 1456 381 1539 marium,
410 1450 594 1517 Jercminm.
642 1449 809 1514 Nimirum
834 1448 1008 1515 Martinus
1035 1453 1185 1535 Orosius,
1221 1464 1283 1547 qui
1347 1452 1351 1457 ¹

224 1560 315 1627 nullo
344 1583 412 1626 non
442 1575 589 1648 tempore
615 1562 854 1646 promtissimus
878 1574 958 1624 esset
986 1562 1027 1625 ad
1049 1565 1258 1632 scribendum
1264 1617 1281 1658 ,

224 1672 320 1736 etiam
340 1671 381 1734 ad
399 1669 601 1735 scribendum
622 1690 751 1756 graece,
779 1671 815 1732 in
834 1673 1057 1755 cogitationem
1076 1675 1202 1762 incidit,
1220 1677 1278 1741 lit-

223 1791 306 1843 teras
331 1799 456 1867 graecas
474 1778 644 1844 Gerlachio
669 1777 841 1841 discessuro
869 1777 1038 1845 tradendas
1055 1783 1217 1849 scribendi
1233 1787 1277 1852 ad

222 1885 457 1976 Patriarcham,
483 1890 630 1974 cujusne
649 1909 765 1951 nomen
787 1887 915 1973 quidem
934 1888 1030 1954 fando
1051 1913 1196 1976 unquam
1216 1916 1272 1958 au.

222 1995 357 2066 diverat.
397 1995 531 2062 Litteras
551 2019 622 2063 suas
642 1995 746 2060 noluit
764 1998 912 2081 ignorare
925 1994 1172 2084 Cancellarium,
1196 2001 1269 2069 Jac.

221 2106 390 2190 Andreae3
410 2105 463 2170 hic
481 2128 548 2172 uon
568 2105 720 2194 probavit
734 2104 833 2169 modo
850 2126 918 2190 eas,
938 2105 993 2168 sed
1011 2112 1107 2170 etiam
1118 2107 1197 2175 alias
1212 2132 1268 2176 suo

220 2216 319 2303 ipsius
338 2217 471 2280 nomine
490 2214 531 2278 ad
552 2214 691 2278 eundem
710 2215 805 2279 scribi
827 2237 848 2278 a
868 2213 981 2280 Crusio
1008 2217 1112 2282 voluit
1151 2217 1271 2302 (Cru-

220 2325 273 2392 sii
292 2321 513 2390 Schreiben
532 2325 586 2387 ist
607 2323 804 2411 gedruckt
830 2327 871 2387 in
891 2321 1170 2389 Turco-Graecia
1198 2349 1268 2418 pag.
1383 2329 1388 2345 “

220 2430 296 2500 410.
331 2431 409 2494 Das
433 2428 656 2495 Schreiben
682 2431 746 2496 des
766 2430 953 2497 Canzlers
973 2430 1142 2496 stehtin
1162 2433 1267 2502 Crusii
1382 2456 1388 2480 ¹

219 2537 285 2603 Ms.
299 2537 378 2606 XX.
398 2544 439 2603 30
455 2560 474 2603 e
491 2559 564 2625 pag.
576 2538 624 2623 4).
673 2537 807 2602 Addidit
835 2537 889 2602 hic
917 2560 1078 2603 summam
1105 2547 1267 2611 concionis

219 2644 473 2731 aCancellario,
506 2645 712 2711 Gerlachium
738 2649 959 2735 inaugurante,
986 2670 1080 2735 super
1099 2655 1265 2742 evangelio

220 2754 262 2821 de
279 2752 375 2821 Bono
394 2753 525 2821 Pastore
550 2754 691 2841 habitae,
722 2776 743 2817 a
769 2777 804 2819 se
825 2759 861 2819 in
887 2757 1007 2843 templo
1029 2762 1112 2823 inter
1134 2763 1264 2828 audien·

218 2864 298 2930 dum
321 2886 470 2932 sermone
496 2885 608 2952 graeco
637 2876 796 2950 exceptae.
844 2864 934 2929 Binis
960 2864 1022 2930 illis
1049 2866 1165 2933 litteris
1189 2870 1263 2935 nibil

216 2974 320 3038 inerat
345 2986 474 3060 praeter
497 2970 711 3056 honorificam
737 2971 974 3061 salutationem,
1005 2986 1037 3038 et
1056 2980 1263 3044 commenda·
1363 2976 1372 3022 t

216 3081 340 3146 tionem
361 3079 537 3165 Gerlachii,
560 3084 616 3167 qui
633 3100 702 3145 non
723 3084 814 3167 prius
830 3093 939 3147 tamen
954 3081 1172 3149 Patriarcham
1191 3109 1261 3151 cum
1378 3102 1384 3107 ’

213 3186 324 3254 litteris
343 3188 439 3276 adiit,
459 3208 558 3274 qnam
574 3187 607 3253 d.
621 3191 657 3253 15
670 3186 745 3254 Oct.
765 3191 857 3256 1573.
899 3188 1098 3273 (CruriiMs.
1112 3215 1186 3280 pag.
1198 3202 1261 3278 10).
1361 3212 1371 3238 ²

214 3294 280 3363 Hic
301 3319 376 3362 cum
396 3295 513 3362 deinde
533 3295 677 3362 suaderet
696 3299 734 3360 in
750 3296 863 3361 litteris
884 3302 919 3360 17
941 3295 1023 3382 Apr.
1042 3303 1118 3362 anni
1136 3313 1265 3387 septus»

212 3407 326 3494 gesimi
344 3410 447 3492 quarti
466 3408 589 3490 scriptis
606 3417 638 3468 et
656 3404 720 3467 huc
737 3404 841 3469 allatis
863 3409 900 3467 13
916 3403 996 3468 Jun.
1015 3406 1159 3490 ejusdem
1176 3414 1265 3498 anni,
1331 3456 1334 3461 .
1366 3420 1369 3444 ¹

211 3512 368 3579 conscribi
384 3513 519 3582 brevem
532 3512 772 3578 Confessionem
790 3511 996 3598 aTheologis
1011 3524 1042 3575 et
1055 3536 1168 3600 graece
1180 3521 1266 3584 mitti
1383 3543 1388 3552 ·

209 3619 421 3708 Byzantium
448 3626 556 3689 visum
577 3633 641 3708 est,
671 3622 906 3704 Augustonam
929 3616 1167 3702 confessionem
1185 3627 1269 3690 mit-
1387 3646 1388 3655 ¹

206 3739 274 3791 tere
289 3728 488 3810 jampridem
501 3751 523 3789 a
540 3724 645 3790 Paulo
657 3723 793 3787 Dolscio
807 3747 924 3809 graece
937 3724 1096 3788 redditam
1111 3730 1267 3814 typisque
1383 3744 1388 3769 ¹

204 3833 337 3901 editam.
379 3832 502 3919 (Crusii
519 3834 582 3902 Ms.
599 3831 665 3899 XX
683 3839 751 3896 300
772 3852 844 3917 pag.
863 3831 933 3916 24).
981 3831 1083 3897 Missa
1109 3833 1188 3900 haec
1215 3848 1267 3902 est
1376 3850 1388 3875 ’-

205 3945 241 4006 15
263 3940 350 4031 Sept.
368 3942 511 4030 ejusdem
532 3948 609 4009 anni
628 3965 767 4009 unacum
785 3943 894 4010 litteris
915 3941 1120 4029 canceltarii,
1140 3944 1262 4030 quibus
