2776 5124
374 484 377 490 -
456 408 660 501 Enirours
694 433 939 506 Punrrrro.
1176 446 1217 506 21

173 605 379 690 deiciamque,
409 604 436 667 si
468 601 590 688 placet,
631 598 854 664 territorialem
889 600 978 667 velut
1011 607 1220 690 suspiciosum
1261 634 1271 639 ·

173 713 300 800 aliquod
318 709 419 800 „Noli
439 732 494 778 rue
514 705 664 797 taugere“
683 731 742 776 suo
761 709 833 777 luco
858 715 1024 798 pretioque
1048 719 1220 784 transituro

171 824 387 908 relinquentis.

254 930 346 1023 Quos
365 931 447 996 inter
466 926 583 998 limites
602 951 676 1004 cum
696 950 730 997 se
755 933 1009 1017 circumspectius
1036 931 1221 1016 contineret,

172 1041 287 1106 nullius
306 1052 412 1125 partes
432 1035 613 1125 offendens,
640 1038 823 1127 multiplicis
851 1040 1035 1106 eruditionis
1060 1041 1221 1106 orientalis

170 1152 260 1235 copia
286 1147 412 1212 abunde
437 1149 642 1235 interspersa,
669 1147 855 1236 placidaque
875 1150 1012 1216 dictione
1031 1149 1134 1216 nodos
1152 1171 1222 1215 nou

168 1261 230 1322 nisi
256 1255 425 1342 philologis
450 1257 602 1325 molestos
629 1258 763 1330 dilucide
788 1264 940 1324 extricare
967 1261 1093 1347 solitus,
1123 1264 1220 1323 etiam

170 1364 257 1450 apud
277 1377 400 1430 exteros
419 1367 488 1450 jure
507 1387 565 1429 suo
586 1371 733 1453 inprimis
752 1369 911 1436 inclaruit.
957 1367 1058 1455 Cujus
1085 1366 1220 1430 celebri-

168 1477 237 1537 tatis
257 1472 391 1537 solerter
410 1486 519 1558 partae
539 1474 768 1540 documentum
787 1475 1015 1543 asservandum
1041 1479 1137 1540 etiam
1157 1495 1220 1538 uo·

167 1581 216 1646 bis
237 1603 303 1645 esse
323 1580 459 1671 v1dctur,
487 1594 668 1647 exterorum
694 1604 812 1669 nempe
838 1582 1031 1670 philologiae
1063 1581 1222 1647 orientalis

171 1713 248 1760 saue
266 1692 532 1776 peritissimorum
548 1690 587 1755 de
598 1691 815 1762 Scuuosnurto
834 1691 988 1776 judicium
1001 1695 1135 1778 insigne,
1155 1710 1220 1776 quo

167 1798 211 1862 acl
229 1798 370 1866 Batavos
390 1820 465 1863 raro
484 1803 520 1863 in
538 1804 743 1886 peregrinum
762 1802 909 1888 exemplo
935 1801 1108 1869 vocabatur
1126 1821 1221 1886 repe-

165 1912 230 1972 titis
250 1907 382 1995 vicibus,
410 1907 594 1997 Scurruro,
614 1909 851 1997 Scuuurunsro,
875 1912 1006 1998 Burro,
1035 1907 1219 1975 nominibus

167 2015 402 2103 celeberrimis,
435 2010 561 2080 eminus
586 2024 737 2104 expetitus
760 2040 934 2107 successor,
963 2023 1109 2082 cominus
1139 2036 1220 2082 vero

164 2125 329 2204 (mirabile
352 2125 437 2189 dictu
446 2125 478 2210 ἲ)
497 2163 540 2178 ·-
559 2110 661 2190 donec
681 2150 732 2192 res
752 2128 792 2193 ed
811 2131 987 2214 superiores
1007 2129 1106 2192 Ducis
1134 2125 1219 2187 ami-

165 2256 221 2297 cos
239 2234 475 2297 ascenderit-
494 2233 659 2297 oraculum
677 2234 756 2299 illud
777 2235 817 2300 de
844 2236 1021 2323 „propheta
1045 2238 1130 2301 iutra
1156 2251 1218 2318 pa-

167 2346 261 2404 triam
282 2345 390 2405 minus
410 2340 492 2406 beue
511 2340 659 2429 aooepto“
684 2355 839 2429 expertus.

247 2449 444 2514 Exhibemus
476 2471 555 2516 vero
583 2450 674 2515 hasce
700 2455 783 2538 ipsas
809 2452 929 2518 litteras
954 2471 1023 2516 nou
1052 2473 1092 2517 eo
1113 2450 1219 2516 solum

165 2558 307 2643 consilio,
323 2570 362 2620 ut
381 2555 593 2621 honorificam
612 2558 797 2636 Scasduuat
817 2573 848 2624 et
866 2561 1076 2626 Scaunrrusn
1088 2572 1219 2624 senteu-

166 2671 243 2730 tiam
277 2666 316 2729 de
336 2665 457 2730 Nostro
485 2679 647 2732 testentur.
708 2666 814 2733 Multo
841 2673 929 2732 euim
958 2666 1218 2734 honorificentius

167 2774 249 2838 mihi
270 2774 414 2861 videtur,
446 2773 532 2860 quod
552 2772 613 2838 hoc
632 2778 668 2839 in
694 2779 823 2860 negotio
851 2775 890 2840 de
918 2799 951 2840 se
976 2782 1067 2863 ips0,
1096 2776 1133 2846 id¹
1162 2789 1218 2860 est,

164 2883 203 2946 d'e
222 2885 324 2947 animi
344 2888 392 2946 sui
413 2884 531 2968 indole,
553 2882 591 2947 de
612 2883 750 2949 candore
771 2884 810 2948 ab
831 2883 1018 2970 ambagibus
1039 2885 1092 2954 vel
1109 2897 1218 2949 osten-

161 2994 290 3054 tationis
310 2991 366 3057 vel
385 2991 465 3055 lucri
484 2991 618 3056 faciendi
635 2993 706 3080 plus
727 3013 826 3080 quam
845 2993 960 3078 alieno,
980 2993 1044 3057 Vir
1061 2999 1218 3080 ingenuus

164 3122 231 3163 uon
250 3097 367 3188 verbis,
388 3099 444 3164 sed
464 3122 500 3164 re
525 3120 603 3166 vere
622 3100 719 3166 edidit
745 3103 983 3185 testimouium,
1010 3106 1114 3170 immo
1140 3120 1217 3164 ruo-

164 3220 355 3273 numeutum
374 3208 659 3275 evidentissimum.

249 3319 403 3383 Invitatio
423 3328 618 3404 provenerat
637 3335 657 3376 a
676 3317 749 3383 viro
768 3317 885 3382 barum
903 3317 1079 3384 litterarum
1104 3323 1218 3407 peritia

163 3428 395 3491 accuratissima
415 3427 517 3516 longe
542 3424 769 3514 celeberrimo,
800 3427 890 3494 nullo
918 3444 1062 3515 unquam
1095 3429 1226 3496 ambitu

165 3539 308 3622 expetita.
