2776 5124
439 487 594 558 namqu!
610 470 765 540 exustori
785 487 929 540 smair.
1138 472 1199 535 209

217 616 313 705 simul
323 655 432 703 rerum
447 637 595 704 omnium
607 632 1018 722 indagatorsolertissimus3
1032 634 1199 701 eratenim

219 745 295 825 celsi
315 745 436 831 ingenii
455 754 487 808 et
506 744 645 812 ardentis
665 746 766 810 animi
771 789 784 831 ,
807 741 967 829 Sapientes
982 756 1149 830 propterea
1164 749 1200 810 iu

219 873 406 941 quacunque
432 872 468 916 re
493 851 672 918 incredibili
698 850 919 920 benevolentia
947 862 979 915 et
1001 849 1201 918 observantia

220 965 324 1047 eoepit
341 960 498 1029 venerari.
530 948 574 1024 Et
587 960 660 1025 licet
674 961 850 1026 litterarum
863 960 1033 1024 latinarum
1049 972 1127 1024 esset
1140 982 1209 1047 pe-'

220 1070 305 1132 nitus
326 1068 471 1154 ignarus,
501 1066 712 1134 litteratorum
736 1080 844 1134 tamen
867 1065 1038 1134 hominum
1063 1088 1202 1136 conver-

220 1178 342 1241 satione
358 1173 567 1242 delectabatur
582 1175 758 1262 plurimum
778 1213 821 1230 -
833 1213 876 1231 ·-
896 1174 993 1244 libros
1010 1177 1107 1242 etiam
1123 1198 1203 1242 ver-

220 1283 333 1348 nacula
347 1282 454 1371 lingua
469 1285 660 1369 conscriptos
675 1302 786 1351 omnes
801 1285 958 1369 quaesivit
971 1304 1009 1350 ac
1023 1283 1203 1351 avidissime
1228 1308 1239 1315 “

221 1389 369 1478 perlegit,
397 1387 500 1451 multa
528 1386 652 1450 adhaec
675 1388 851 1470 praeclara
873 1411 971 1474 opera
998 1392 1034 1453 in
1056 1393 1213 1478 linguam.
1295 1373 1297 1377 Ι

223 1497 417 1560 tentonicam
442 1493 526 1556 certi
547 1510 566 1553 e
584 1490 688 1555 latino
707 1493 850 1574 curavit,
882 1489 978 1582 atqua
1001 1495 1051 1561 his
1073 1502 1203 1585 quidem

221 1602 440 1668 instrumentis
456 1602 635 1665 orationem
648 1620 757 1685 suam,
774 1611 810 1664 ut
824 1615 890 1667 erat
903 1605 1080 1691 eloquentia
1096 1610 1204 1676 admi-

221 1712 332 1799 rabili,
351 1712 419 1778 sive
433 1710 598 1776 historiam
611 1707 709 1781 velles
722 1689 791 1777 sive
803 1715 987 1800 sententias,
1006 1718 1209 1788 exornavtt‘t

224 1819 315 1886 Haec
332 1817 517 1891 Nauclerus.
633 1863 636 1868 -

218 1945 228 1998 (¹
253 1927 453 1997 Wilhelmus
467 1924 637 1995 Schiclrard
653 1930 680 1993 si
691 1922 854 2016 audiatur,
875 1932 1043 1998 extratico
1057 1956 1210 2008 sermone¹

163 2043 200 2106 in
214 2037 432 2125 Teutonicum
451 2038 519 2123 ipse
531 2035 730 2102 Eberhardus
748 2036 867 2104 librum
886 2040 1053 2108 transtulit.
1215 2024 1219 2033 ⁸

248 2145 343 2212 Hanc
366 2166 458 2211 suam
482 2145 576 2208 unius
596 2146 784 2209 seutentiam
805 2144 918 2211 litteris
937 2154 1134 2236 consignavit
1153 2161 1206 2227 vir

165 2257 300 2320 eximius
314 2255 468 2338 proximis
481 2265 553 2316 ante
573 2251 694 2316 obitum
711 2248 819 2315 diebus
832 2256 869 2315 iu
884 2251 1100 2349 Praefatione,
1121 2262 1207 2341 haud

166 2363 299 2449 indigna
322 2362 419 2444 ipsine
440 2363 568 2449 ingenio
588 2372 619 2424 et
637 2354 796 2446 doctrina,
826 2381 923 2447 quam
942 2377 1070 2450 rogatus
1087 2376 1211 2460 scripsit

167 2467 209 2535 ad
236 2463 440 2557 opusculum,
463 2467 549 2557 quod
569 2482 607 2530 er
630 2465 768 2541 editione
787 2466 897 2553 gallica
917 2477 1096 2555 germanice
1112 2483 1211 2548 inter.

168 2589 307 2668 pretatus
327 2589 373 2670 est
387 2556 445 2637 Ιο.Ι
456 2572 544 2637 Frid.
565 2570 801 2658 chsscnbcclt,
821 2574 1016 2662 Tubingeusi
1035 2585 1100 2647 arci
1114 2608 1213 2674 prae..

170 2687 291 2772 fectus,
311 2685 431 2751 dictum
450 2682 599 2750 Galistdn
619 2679 859 2769 seu¹R0setum,
878 2695 1005 2749 auctore
1019 2684 1114 2771 sadi,
1136 2691 1211 2758 Per.

171 2817 230 2876 sa3
258 2792 389 2881 posthac
405 2791 541 2861 Gentius
558 2788 655 2858 iatine
669 2794 765 2859 vertit
779 2791 1012 2876 inscripsitque,
1035 2789 1211 2864 statarium

169 2900 350 2988 politicam.
406 2986 410 2993 ἡ
1003 2920 1008 2929 ·
1117 2904 1120 2909 '

257 3006 303 3071 At
317 3001 496 3073 Schickardi
513 3007 677 3074 auctoritas
697 3002 891 3092 quamquam
907 3006 992 3094 apud
1007 3028 1061 3072 me
1079 3019 1124 3074 est
1138 3030 1214 3097 per-

174 3132 309 3202 magna,
335 3114 460 3184 famus
482 3122 591 3180 tamen
611 3113 755 3180 desidero
775 3125 806 3177 et
824 3112 937 3177 fiu'stm
958 3115 1101 3204 require,
1129 3117 1215 3183 unde

178 3224 317 3289 hauserit
336 3225 431 3288 istam
448 3242 539 3289 suam
557 3219 746 3310 peculiarem
762 3216 972 3315 sententiam'‘
1001 3221 1130 3312 Testem
1150 3229 1218 3311 ipse

177 3343 341 3418 nuncupat
358 3331 499 3414 nullum;
523 3352 583 3397 nec
600 3328 739 3394 multum
757 3325 844 3392 abest
860 3337 895 3391 ut
913 3331 1064 3416 suspicer,
1086 3353 1125 3396 ex
1145 3330 1218 3415 opi-

179 3437 433 3525 nationeaaugis
453 3457 550 3527 quam
568 3458 607 3504 ex
625 3449 710 3502 certa
727 3435 840 3500 notitia
858 3435 999 3523 linguam
1013 3456 1051 3501 er
1067 3456 1129 3524 qua
1143 3444 1235 3504 ver-'

180 3548 228 3610 sio
247 3518 344 3610 ductas
355 3547 449 3612 fuerit
466 3546 613 3611 Italicam
631 3545 724 3608 illum
742 3544 902 3630 statuisse,
919 3543 1005 3630 quod
1022 3543 1107 3608 haud
1122 3546 1219 3630 lgna-

181 3665 284 3738 raret,
313 3651 409 3714 latini
434 3654 588 3719 sermonis
613 3671 742 3737 prorsus
768 3653 914 3736 ignarum
937 3650 1033 3716 fuisse
1059 3650 1221 3718 Eberhar-

174 3757 279 3846 dum,
305 3771 337 3826 et
355 3773 463 3827 tamen
481 3759 566 3825 haud
586 3759 683 3826 vellet
698 3777 766 3822 non
784 3755 1127 3823 haberiEberhardum
1146 3781 1224 3827 ver-

184 3871 282 3934 sionis
299 3880 479 3955 auctorem,
502 3865 562 3932 sibi
579 3861 661 3930 bene
679 3866 822 3953 cognitae
840 3885 879 3929 ex
896 3885 955 3930 usu
975 3866 1120 3930 editionis
1139 3867 1223 3934 illius

186 3979 335 4063 primae,
347 3980 415 4042 sinc
433 3976 504 4042 loco
522 3984 554 4041 et
572 3995 674 4064 anno,
690 3974 893 4061 exprimentis
906 3985 942 4036 ut
957 3971 1094 4039 diximus
1108 3979 1223 4041 sectio-

981 4082 1019 4150 14
