<?xml version="1.0" encoding="UTF-8"?>
<!DOCTYPE html PUBLIC "-//W3C//DTD XHTML 1.0 Transitional//EN"
    "http://www.w3.org/TR/xhtml1/DTD/xhtml1-transitional.dtd">
<html xmlns="http://www.w3.org/1999/xhtml" xml:lang="en" lang="en">
 <head>
  <title>
</title>
<meta http-equiv="Content-Type" content="text/html;charset=utf-8" />
  <meta name='ocr-system' content='tesseract 3.04.00' />
  <meta name='ocr-capabilities' content='ocr_page ocr_carea ocr_par ocr_line ocrx_word'/>
</head>
<body>
  <div class='ocr_page' id='page_1' title='image "./dchristianifrid00schngoog_0069.png"; bbox 0 0 2776 5124; ppageno 0'>
   <div class='ocr_carea' id='block_1_1' title="bbox 203 381 1093 475">
    <p class='ocr_par' dir='ltr' id='par_1_1' title="bbox 203 381 1093 475">
     <span class='ocr_line' id='line_1_1' title="bbox 203 381 1093 475; baseline -0.003 -21"><span class='ocrx_word' id='word_1_1' title='bbox 203 396 245 454; x_wconf 74' lang='lat'>62</span> <span class='ocrx_word' id='word_1_2' title='bbox 354 381 645 458; x_wconf 76' lang='lat' dir='ltr'>Wrrranrucrrus</span> <span class='ocrx_word' id='word_1_3' title='bbox 665 381 862 475; x_wconf 74' lang='lat' dir='ltr'>erruaruu</span> <span class='ocrx_word' id='word_1_4' title='bbox 882 405 1093 454; x_wconf 78' lang='lat' dir='ltr'>uurruasrras</span> 
     </span>
    </p>
   </div>
   <div class='ocr_carea' id='block_1_2' title="bbox 109 549 1262 2366">
    <p class='ocr_par' dir='ltr' id='par_1_2' title="bbox 109 549 1260 1396">
     <span class='ocr_line' id='line_1_2' title="bbox 203 549 1256 623; baseline 0.003 -5"><span class='ocrx_word' id='word_1_5' title='bbox 203 549 367 618; x_wconf 87' lang='lat' dir='ltr'>Friderico</span> <span class='ocrx_word' id='word_1_6' title='bbox 384 558 489 615; x_wconf 85' lang='lat' dir='ltr'>totum</span> <span class='ocrx_word' id='word_1_7' title='bbox 504 567 538 613; x_wconf 88' lang='lat' dir='ltr'>se</span> <span class='ocrx_word' id='word_1_8' title='bbox 557 551 768 622; x_wconf 84' lang='lat' dir='ltr'>committeret</span> <span class='ocrx_word' id='word_1_9' title='bbox 786 561 817 615; x_wconf 89' lang='lat' dir='ltr'>et</span> <span class='ocrx_word' id='word_1_10' title='bbox 836 560 944 620; x_wconf 83' lang='lat' dir='ltr'>auctor</span> <span class='ocrx_word' id='word_1_11' title='bbox 970 564 1050 623; x_wconf 83' lang='lat' dir='ltr'>esset</span> <span class='ocrx_word' id='word_1_12' title='bbox 1068 553 1256 622; x_wconf 86' lang='lat' dir='ltr'>condendae</span> 
     </span>
     <span class='ocr_line' id='line_1_3' title="bbox 158 646 1256 750; baseline 0.002 -22"><span class='ocrx_word' id='word_1_13' title='bbox 158 646 161 656; x_wconf 46' lang='grc'><strong><em>’</em></strong></span> <span class='ocrx_word' id='word_1_14' title='bbox 202 662 328 730; x_wconf 87' lang='lat' dir='ltr'>scholae</span> <span class='ocrx_word' id='word_1_15' title='bbox 347 654 630 744; x_wconf 86' lang='lat' dir='ltr'>Wittebergensis.</span> <span class='ocrx_word' id='word_1_16' title='bbox 671 653 876 750; x_wconf 80' lang='lat' dir='ltr'>Quapropter</span> <span class='ocrx_word' id='word_1_17' title='bbox 894 656 953 722; x_wconf 80' lang='lat' dir='ltr'>fuit</span> <span class='ocrx_word' id='word_1_18' title='bbox 972 656 1113 726; x_wconf 85' lang='lat' dir='ltr'>medicus</span> <span class='ocrx_word' id='word_1_19' title='bbox 1139 663 1256 749; x_wconf 88' lang='lat' dir='ltr'>aliquis</span> 
     </span>
     <span class='ocr_line' id='line_1_4' title="bbox 202 757 1256 853; baseline 0.003 -18"><span class='ocrx_word' id='word_1_20' title='bbox 202 768 287 836; x_wconf 91' lang='lat' dir='ltr'>haud</span> <span class='ocrx_word' id='word_1_21' title='bbox 305 763 481 853; x_wconf 73' lang='lat' dir='ltr'><strong>incelebris,</strong></span> <span class='ocrx_word' id='word_1_22' title='bbox 491 768 544 851; x_wconf 90' lang='lat' dir='ltr'>qui</span> <span class='ocrx_word' id='word_1_23' title='bbox 552 764 676 850; x_wconf 90' lang='lat' dir='ltr'>publice</span> <span class='ocrx_word' id='word_1_24' title='bbox 693 757 881 851; x_wconf 85' lang='lat' dir='ltr'>affirmaret,</span> <span class='ocrx_word' id='word_1_25' title='bbox 892 763 980 829; x_wconf 90' lang='lat' dir='ltr'>luem</span> <span class='ocrx_word' id='word_1_26' title='bbox 991 787 1163 833; x_wconf 82' lang='lat' dir='ltr'>veneream</span> <span class='ocrx_word' id='word_1_27' title='bbox 1175 795 1256 852; x_wconf 82' lang='lat' dir='ltr'>esse,</span> 
     </span>
     <span class='ocr_line' id='line_1_5' title="bbox 109 869 1257 968; baseline 0.004 -27"><span class='ocrx_word' id='word_1_28' title='bbox 109 884 115 889; x_wconf 87' lang='lat'>&#39;</span> <span class='ocrx_word' id='word_1_29' title='bbox 201 901 284 966; x_wconf 92' lang='lat' dir='ltr'>quae</span> <span class='ocrx_word' id='word_1_30' title='bbox 303 873 451 960; x_wconf 88' lang='lat' dir='ltr'>effecerit,</span> <span class='ocrx_word' id='word_1_31' title='bbox 473 884 509 936; x_wconf 92' lang='lat' dir='ltr'>ut</span> <span class='ocrx_word' id='word_1_32' title='bbox 527 870 607 937; x_wconf 91' lang='lat' dir='ltr'>duae</span> <span class='ocrx_word' id='word_1_33' title='bbox 625 875 660 936; x_wconf 88' lang='lat' dir='ltr'>in</span> <span class='ocrx_word' id='word_1_34' title='bbox 676 869 852 937; x_wconf 83' lang='lat' dir='ltr'>Germania</span> <span class='ocrx_word' id='word_1_35' title='bbox 871 871 1049 937; x_wconf 82' lang='lat' dir='ltr'>academiae</span> <span class='ocrx_word' id='word_1_36' title='bbox 1069 890 1156 942; x_wconf 88' lang='lat' dir='ltr'>ortae</span> <span class='ocrx_word' id='word_1_37' title='bbox 1176 884 1257 968; x_wconf 77' lang='lat' dir='ltr'>sint,</span> 
     </span>
     <span class='ocr_line' id='line_1_6' title="bbox 201 979 1259 1074; baseline 0.002 -23"><span class='ocrx_word' id='word_1_38' title='bbox 201 1001 295 1072; x_wconf 88' lang='lat' dir='ltr'>atque</span> <span class='ocrx_word' id='word_1_39' title='bbox 314 980 394 1047; x_wconf 90' lang='lat' dir='ltr'>adeo</span> <span class='ocrx_word' id='word_1_40' title='bbox 414 994 449 1044; x_wconf 88' lang='lat' dir='ltr'>ut</span> <span class='ocrx_word' id='word_1_41' title='bbox 462 996 624 1045; x_wconf 88' lang='lat' dir='ltr'>sacrorum</span> <span class='ocrx_word' id='word_1_42' title='bbox 644 979 823 1045; x_wconf 86' lang='lat' dir='ltr'>emendatio</span> <span class='ocrx_word' id='word_1_43' title='bbox 843 980 1177 1066; x_wconf 88' lang='lat' dir='ltr'>permagnaehumani</span> <span class='ocrx_word' id='word_1_44' title='bbox 1194 1012 1259 1074; x_wconf 87' lang='lat' dir='ltr'>ge-</span> 
     </span>
     <span class='ocr_line' id='line_1_7' title="bbox 202 1084 1259 1179; baseline -0.012 -20"><span class='ocrx_word' id='word_1_45' title='bbox 202 1096 287 1159; x_wconf 89' lang='lat' dir='ltr'>neris</span> <span class='ocrx_word' id='word_1_46' title='bbox 307 1093 390 1178; x_wconf 89' lang='lat' dir='ltr'>parti</span> <span class='ocrx_word' id='word_1_47' title='bbox 416 1089 622 1154; x_wconf 88' lang='lat' dir='ltr'>saluberrlma</span> <span class='ocrx_word' id='word_1_48' title='bbox 640 1088 750 1151; x_wconf 91' lang='lat' dir='ltr'>locum</span> <span class='ocrx_word' id='word_1_49' title='bbox 768 1084 885 1151; x_wconf 91' lang='lat' dir='ltr'>habere</span> <span class='ocrx_word' id='word_1_50' title='bbox 904 1091 1053 1175; x_wconf 85' lang='lat' dir='ltr'>potuerit.</span> <span class='ocrx_word' id='word_1_51' title='bbox 1093 1090 1259 1179; x_wconf 24' lang='lat' dir='ltr'>Repe-tiit³</span> 
     </span>
     <span class='ocr_line' id='line_1_8' title="bbox 203 1193 1260 1289; baseline 0.004 -26"><span class='ocrx_word' id='word_1_52' title='bbox 203 1222 265 1289; x_wconf 92' lang='lat' dir='ltr'>que</span> <span class='ocrx_word' id='word_1_53' title='bbox 281 1199 401 1262; x_wconf 89' lang='lat' dir='ltr'>dictum</span> <span class='ocrx_word' id='word_1_54' title='bbox 411 1196 473 1261; x_wconf 92' lang='lat' dir='ltr'>hoc</span> <span class='ocrx_word' id='word_1_55' title='bbox 480 1198 693 1284; x_wconf 82' lang='lat' dir='ltr'>ingeniosum,</span> <span class='ocrx_word' id='word_1_56' title='bbox 712 1206 850 1283; x_wconf 88' lang='lat' dir='ltr'>acutum,</span> <span class='ocrx_word' id='word_1_57' title='bbox 869 1197 896 1260; x_wconf 89' lang='lat' dir='ltr'>si</span> <span class='ocrx_word' id='word_1_58' title='bbox 913 1193 976 1262; x_wconf 84' lang='lat' dir='ltr'>Dis</span> <span class='ocrx_word' id='word_1_59' title='bbox 994 1196 1107 1287; x_wconf 87' lang='lat' dir='ltr'>placet,</span> <span class='ocrx_word' id='word_1_60' title='bbox 1126 1199 1260 1267; x_wconf 87' lang='lat' dir='ltr'>theolo-</span> 
     </span>
     <span class='ocr_line' id='line_1_9' title="bbox 203 1301 1247 1396; baseline -0.002 -24"><span class='ocrx_word' id='word_1_61' title='bbox 203 1308 628 1396; x_wconf 74' lang='lat' dir='ltr'>gusmagnaeauctoritafis·</span> <span class='ocrx_word' id='word_1_62' title='bbox 647 1301 683 1389; x_wconf 59' lang='lat' dir='ltr'>¹l)</span> <span class='ocrx_word' id='word_1_63' title='bbox 1242 1310 1247 1317; x_wconf 91' lang='lat'>&#39;</span> 
     </span>
    </p>

    <p class='ocr_par' dir='ltr' id='par_1_3' title="bbox 196 1411 1262 2366">
     <span class='ocr_line' id='line_1_10' title="bbox 285 1411 1260 1500; baseline 0.003 -21"><span class='ocrx_word' id='word_1_64' title='bbox 285 1414 333 1479; x_wconf 85' lang='lat' dir='ltr'>At</span> <span class='ocrx_word' id='word_1_65' title='bbox 352 1412 392 1478; x_wconf 90' lang='lat' dir='ltr'>de</span> <span class='ocrx_word' id='word_1_66' title='bbox 410 1411 472 1478; x_wconf 89' lang='lat' dir='ltr'>hoc</span> <span class='ocrx_word' id='word_1_67' title='bbox 491 1411 780 1499; x_wconf 84' lang='lat' dir='ltr'>quomodocunque</span> <span class='ocrx_word' id='word_1_68' title='bbox 798 1416 960 1500; x_wconf 89' lang='lat' dir='ltr'>statueris,</span> <span class='ocrx_word' id='word_1_69' title='bbox 985 1412 1065 1478; x_wconf 91' lang='lat' dir='ltr'>illud</span> <span class='ocrx_word' id='word_1_70' title='bbox 1091 1413 1176 1480; x_wconf 91' lang='lat' dir='ltr'>hand</span> <span class='ocrx_word' id='word_1_71' title='bbox 1201 1422 1260 1484; x_wconf 85' lang='lat' dir='ltr'>in-</span> 
     </span>
     <span class='ocr_line' id='line_1_11' title="bbox 202 1514 1259 1606; baseline 0.007 -21"><span class='ocrx_word' id='word_1_72' title='bbox 202 1535 324 1590; x_wconf 86' lang='lat' dir='ltr'>certum</span> <span class='ocrx_word' id='word_1_73' title='bbox 343 1514 399 1606; x_wconf 81' lang='lat' dir='ltr'>est,</span> <span class='ocrx_word' id='word_1_74' title='bbox 417 1523 567 1585; x_wconf 87' lang='lat' dir='ltr'>immensi</span> <span class='ocrx_word' id='word_1_75' title='bbox 585 1517 732 1584; x_wconf 90' lang='lat' dir='ltr'>beneficii</span> <span class='ocrx_word' id='word_1_76' title='bbox 750 1520 823 1584; x_wconf 89' lang='lat' dir='ltr'>loco</span> <span class='ocrx_word' id='word_1_77' title='bbox 842 1519 1026 1586; x_wconf 89' lang='lat' dir='ltr'>habendum</span> <span class='ocrx_word' id='word_1_78' title='bbox 1052 1532 1118 1586; x_wconf 82' lang='lat' dir='ltr'>esse</span> <span class='ocrx_word' id='word_1_79' title='bbox 1146 1538 1259 1592; x_wconf 87' lang='lat' dir='ltr'>ortum</span> 
     </span>
     <span class='ocr_line' id='line_1_12' title="bbox 200 1625 1260 1719; baseline 0.002 -21"><span class='ocrx_word' id='word_1_80' title='bbox 200 1626 613 1717; x_wconf 88' lang='lat' dir='ltr'>scholaeWittebergensis‚</span> <span class='ocrx_word' id='word_1_81' title='bbox 634 1647 709 1691; x_wconf 91' lang='lat' dir='ltr'>cum</span> <span class='ocrx_word' id='word_1_82' title='bbox 727 1625 820 1695; x_wconf 89' lang='lat' dir='ltr'>brevi</span> <span class='ocrx_word' id='word_1_83' title='bbox 828 1626 977 1694; x_wconf 81' lang='lat' dir='ltr'>&#39;fructum</span> <span class='ocrx_word' id='word_1_84' title='bbox 996 1629 1051 1694; x_wconf 90' lang='lat' dir='ltr'>illa</span> <span class='ocrx_word' id='word_1_85' title='bbox 1068 1632 1175 1719; x_wconf 85' lang='lat' dir='ltr'>tulerit</span> <span class='ocrx_word' id='word_1_86' title='bbox 1197 1634 1260 1700; x_wconf 89' lang='lat' dir='ltr'>sibi</span> 
     </span>
     <span class='ocr_line' id='line_1_13' title="bbox 199 1734 1260 1828; baseline 0.004 -24"><span class='ocrx_word' id='word_1_87' title='bbox 199 1741 368 1828; x_wconf 88' lang='lat' dir='ltr'>proprium</span> <span class='ocrx_word' id='word_1_88' title='bbox 387 1759 424 1802; x_wconf 91' lang='lat' dir='ltr'>ac</span> <span class='ocrx_word' id='word_1_89' title='bbox 442 1736 647 1824; x_wconf 79' lang='lat' dir='ltr'>peculiarem,</span> <span class='ocrx_word' id='word_1_90' title='bbox 667 1734 924 1801; x_wconf 88' lang='lat' dir='ltr'>emendationem</span> <span class='ocrx_word' id='word_1_91' title='bbox 943 1758 1117 1807; x_wconf 90' lang='lat' dir='ltr'>sacrorum.</span> <span class='ocrx_word' id='word_1_92' title='bbox 1158 1740 1260 1808; x_wconf 91' lang='lat' dir='ltr'>Hanc</span> 
     </span>
     <span class='ocr_line' id='line_1_14' title="bbox 199 1845 1258 1941; baseline 0.005 -29"><span class='ocrx_word' id='word_1_93' title='bbox 199 1849 228 1913; x_wconf 89' lang='lat' dir='ltr'>si</span> <span class='ocrx_word' id='word_1_94' title='bbox 247 1846 447 1934; x_wconf 87' lang='lat' dir='ltr'>spectaveris,</span> <span class='ocrx_word' id='word_1_95' title='bbox 468 1848 603 1910; x_wconf 89' lang='lat' dir='ltr'>omnino</span> <span class='ocrx_word' id='word_1_96' title='bbox 620 1847 688 1930; x_wconf 88' lang='lat' dir='ltr'>ipsa</span> <span class='ocrx_word' id='word_1_97' title='bbox 706 1845 792 1908; x_wconf 88' lang='lat' dir='ltr'>inter</span> <span class='ocrx_word' id='word_1_98' title='bbox 805 1865 918 1909; x_wconf 88' lang='lat' dir='ltr'>omnes</span> <span class='ocrx_word' id='word_1_99' title='bbox 930 1847 1144 1935; x_wconf 88' lang='lat' dir='ltr'>principatum</span> <span class='ocrx_word' id='word_1_100' title='bbox 1157 1861 1258 1941; x_wconf 88' lang='lat' dir='ltr'>tenet,</span> 
     </span>
     <span class='ocr_line' id='line_1_15' title="bbox 201 1952 1257 2047; baseline 0.006 -27"><span class='ocrx_word' id='word_1_101' title='bbox 201 1955 296 2042; x_wconf 88' lang='lat' dir='ltr'>digna</span> <span class='ocrx_word' id='word_1_102' title='bbox 322 1975 415 2042; x_wconf 89' lang='lat' dir='ltr'>sane,</span> <span class='ocrx_word' id='word_1_103' title='bbox 443 1968 541 2040; x_wconf 87' lang='lat' dir='ltr'>quam</span> <span class='ocrx_word' id='word_1_104' title='bbox 569 1972 683 2018; x_wconf 89' lang='lat' dir='ltr'>omnes</span> <span class='ocrx_word' id='word_1_105' title='bbox 708 1952 802 2039; x_wconf 86' lang='lat' dir='ltr'>aliae,</span> <span class='ocrx_word' id='word_1_106' title='bbox 830 1974 909 2041; x_wconf 88' lang='lat' dir='ltr'>quae</span> <span class='ocrx_word' id='word_1_107' title='bbox 935 1952 1090 2018; x_wconf 90' lang='lat' dir='ltr'>beneficio</span> <span class='ocrx_word' id='word_1_108' title='bbox 1116 1955 1156 2021; x_wconf 85' lang='lat' dir='ltr'>ab</span> <span class='ocrx_word' id='word_1_109' title='bbox 1182 1960 1257 2047; x_wconf 89' lang='lat' dir='ltr'>ipsa</span> 
     </span>
     <span class='ocr_line' id='line_1_16' title="bbox 198 2061 1261 2153; baseline 0.004 -25"><span class='ocrx_word' id='word_1_110' title='bbox 198 2063 343 2150; x_wconf 81' lang='lat' dir='ltr'>profecto</span> <span class='ocrx_word' id='word_1_111' title='bbox 363 2061 528 2148; x_wconf 84' lang='lat' dir='ltr'>fruuntur,</span> <span class='ocrx_word' id='word_1_112' title='bbox 555 2063 740 2149; x_wconf 85' lang='lat' dir='ltr'>suspiciant,</span> <span class='ocrx_word' id='word_1_113' title='bbox 767 2061 891 2128; x_wconf 87' lang='lat' dir='ltr'>salvam</span> <span class='ocrx_word' id='word_1_114' title='bbox 910 2073 1161 2153; x_wconf 81' lang='lat' dir='ltr'>perpetuamque</span> <span class='ocrx_word' id='word_1_115' title='bbox 1190 2090 1261 2135; x_wconf 85' lang='lat' dir='ltr'>esse</span> 
     </span>
     <span class='ocr_line' id='line_1_17' title="bbox 200 2169 1262 2264; baseline 0.003 -25"><span class='ocrx_word' id='word_1_116' title='bbox 200 2171 302 2239; x_wconf 85' lang='lat' dir='ltr'>velint</span> <span class='ocrx_word' id='word_1_117' title='bbox 321 2182 353 2234; x_wconf 91' lang='lat' dir='ltr'>et</span> <span class='ocrx_word' id='word_1_118' title='bbox 370 2172 616 2236; x_wconf 77' lang='lat' dir='ltr'>nunc&#39;maxime</span> <span class='ocrx_word' id='word_1_119' title='bbox 636 2169 751 2234; x_wconf 88' lang='lat' dir='ltr'>festum</span> <span class='ocrx_word' id='word_1_120' title='bbox 771 2169 877 2235; x_wconf 77' lang='lat' dir='ltr'>natale</span> <span class='ocrx_word' id='word_1_121' title='bbox 896 2169 1126 2240; x_wconf 77' lang='lat' dir='ltr'>celebraturum</span> <span class='ocrx_word' id='word_1_122' title='bbox 1145 2188 1262 2264; x_wconf 80' lang='lat' dir='ltr'>gratu-</span> 
     </span>
     <span class='ocr_line' id='line_1_18' title="bbox 196 2275 1045 2366; baseline 0.004 -21"><span class='ocrx_word' id='word_1_123' title='bbox 196 2279 297 2347; x_wconf 89' lang='lat' dir='ltr'>lantes</span> <span class='ocrx_word' id='word_1_124' title='bbox 316 2275 541 2346; x_wconf 86' lang='lat' dir='ltr'>benevolentia</span> <span class='ocrx_word' id='word_1_125' title='bbox 559 2289 656 2364; x_wconf 87' lang='lat' dir='ltr'>atque</span> <span class='ocrx_word' id='word_1_126' title='bbox 674 2275 780 2342; x_wconf 86' lang='lat' dir='ltr'>officio</span> <span class='ocrx_word' id='word_1_127' title='bbox 802 2289 1045 2366; x_wconf 86' lang='lat' dir='ltr'>prosequantur.</span> 
     </span>
    </p>
   </div>
   <div class='ocr_carea' id='block_1_3' title="bbox 196 2400 1259 3585">
    <p class='ocr_par' dir='ltr' id='par_1_4' title="bbox 196 2400 1259 3585">
     <span class='ocr_line' id='line_1_19' title="bbox 282 2400 1259 2501; baseline 0.005 -23"><span class='ocrx_word' id='word_1_128' title='bbox 282 2406 346 2479; x_wconf 88' lang='lat' dir='ltr'>Sed</span> <span class='ocrx_word' id='word_1_129' title='bbox 364 2423 490 2501; x_wconf 86' lang='lat' dir='ltr'>praeter</span> <span class='ocrx_word' id='word_1_130' title='bbox 508 2432 717 2476; x_wconf 90' lang='lat' dir='ltr'>communem</span> <span class='ocrx_word' id='word_1_131' title='bbox 737 2407 840 2498; x_wconf 85' lang='lat' dir='ltr'>illam,</span> <span class='ocrx_word' id='word_1_132' title='bbox 860 2430 943 2497; x_wconf 89' lang='lat' dir='ltr'>quae</span> <span class='ocrx_word' id='word_1_133' title='bbox 961 2431 1074 2477; x_wconf 87' lang='lat' dir='ltr'>omnes</span> <span class='ocrx_word' id='word_1_134' title='bbox 1093 2400 1259 2501; x_wconf 40' lang='lat' dir='ltr'>aeque&#39;ad</span> 
     </span>
     <span class='ocr_line' id='line_1_20' title="bbox 197 2519 1258 2605; baseline -0.005 -17"><span class='ocrx_word' id='word_1_135' title='bbox 197 2521 379 2588; x_wconf 86' lang='lat' dir='ltr'>societatem</span> <span class='ocrx_word' id='word_1_136' title='bbox 400 2519 539 2586; x_wconf 89' lang='lat' dir='ltr'>laetandi</span> <span class='ocrx_word' id='word_1_137' title='bbox 558 2532 590 2585; x_wconf 90' lang='lat' dir='ltr'>et</span> <span class='ocrx_word' id='word_1_138' title='bbox 607 2519 688 2584; x_wconf 92' lang='lat' dir='ltr'>bene</span> <span class='ocrx_word' id='word_1_139' title='bbox 707 2519 858 2605; x_wconf 87' lang='lat' dir='ltr'>precandi</span> <span class='ocrx_word' id='word_1_140' title='bbox 885 2524 1018 2604; x_wconf 84' lang='lat' dir='ltr'>invitat,</span> <span class='ocrx_word' id='word_1_141' title='bbox 1038 2543 1163 2588; x_wconf 91' lang='lat' dir='ltr'>causam</span> <span class='ocrx_word' id='word_1_142' title='bbox 1185 2525 1258 2590; x_wconf 90' lang='lat' dir='ltr'>Tu.</span> 
     </span>
     <span class='ocr_line' id='line_1_21' title="bbox 197 2627 1257 2721; baseline 0.003 -25"><span class='ocrx_word' id='word_1_143' title='bbox 197 2631 357 2719; x_wconf 80' lang='lat' dir='ltr'>bingensis</span> <span class='ocrx_word' id='word_1_144' title='bbox 376 2628 484 2696; x_wconf 87' lang='lat' dir='ltr'>schola</span> <span class='ocrx_word' id='word_1_145' title='bbox 504 2627 599 2693; x_wconf 91' lang='lat' dir='ltr'>habet</span> <span class='ocrx_word' id='word_1_146' title='bbox 625 2630 722 2692; x_wconf 87' lang='lat' dir='ltr'>etiam</span> <span class='ocrx_word' id='word_1_147' title='bbox 748 2628 943 2715; x_wconf 87' lang='lat' dir='ltr'>peculiarem</span> <span class='ocrx_word' id='word_1_148' title='bbox 968 2629 1107 2718; x_wconf 86' lang='lat' dir='ltr'>aliquam</span> <span class='ocrx_word' id='word_1_149' title='bbox 1129 2630 1257 2721; x_wconf 88' lang='lat' dir='ltr'>sibique</span> 
     </span>
     <span class='ocr_line' id='line_1_22' title="bbox 196 2734 1257 2829; baseline 0.004 -25"><span class='ocrx_word' id='word_1_150' title='bbox 196 2743 335 2826; x_wconf 84' lang='lat' dir='ltr'>privam,</span> <span class='ocrx_word' id='word_1_151' title='bbox 355 2739 495 2825; x_wconf 90' lang='lat' dir='ltr'>positam</span> <span class='ocrx_word' id='word_1_152' title='bbox 514 2739 550 2800; x_wconf 90' lang='lat' dir='ltr'>in</span> <span class='ocrx_word' id='word_1_153' title='bbox 569 2734 719 2822; x_wconf 85' lang='lat' dir='ltr'>singulari</span> <span class='ocrx_word' id='word_1_154' title='bbox 739 2736 856 2822; x_wconf 86' lang='lat' dir='ltr'>aliqua,</span> <span class='ocrx_word' id='word_1_155' title='bbox 882 2759 963 2822; x_wconf 89' lang='lat' dir='ltr'>quae</span> <span class='ocrx_word' id='word_1_156' title='bbox 982 2742 1065 2803; x_wconf 90' lang='lat' dir='ltr'>inter</span> <span class='ocrx_word' id='word_1_157' title='bbox 1084 2752 1257 2829; x_wconf 88' lang='lat' dir='ltr'>utramque</span> 
     </span>
     <span class='ocr_line' id='line_1_23' title="bbox 196 2842 1256 2933; baseline 0.001 -19"><span class='ocrx_word' id='word_1_158' title='bbox 196 2847 373 2933; x_wconf 72' lang='lat' dir='ltr'>intercedit,</span> <span class='ocrx_word' id='word_1_159' title='bbox 393 2846 615 2930; x_wconf 85' lang='lat' dir='ltr'>conjunctione</span> <span class='ocrx_word' id='word_1_160' title='bbox 634 2855 666 2907; x_wconf 82' lang='lat' dir='ltr'>et</span> <span class='ocrx_word' id='word_1_161' title='bbox 686 2842 783 2930; x_wconf 88' lang='lat' dir='ltr'>quasi</span> <span class='ocrx_word' id='word_1_162' title='bbox 795 2850 993 2932; x_wconf 84' lang='lat' dir='ltr'>cognatione.</span> <span class='ocrx_word' id='word_1_163' title='bbox 1032 2847 1144 2912; x_wconf 90' lang='lat' dir='ltr'>Minus</span> <span class='ocrx_word' id='word_1_164' title='bbox 1161 2850 1256 2916; x_wconf 86' lang='lat' dir='ltr'>illam</span> 
     </span>
     <span class='ocr_line' id='line_1_24' title="bbox 197 2953 1256 3044; baseline 0.005 -25"><span class='ocrx_word' id='word_1_165' title='bbox 197 2959 370 3043; x_wconf 86' lang='lat' dir='ltr'>cognitam,</span> <span class='ocrx_word' id='word_1_166' title='bbox 390 2964 474 3016; x_wconf 89' lang='lat' dir='ltr'>certe</span> <span class='ocrx_word' id='word_1_167' title='bbox 493 2953 612 3037; x_wconf 90' lang='lat' dir='ltr'>minus,</span> <span class='ocrx_word' id='word_1_168' title='bbox 630 2974 728 3040; x_wconf 82' lang='lat' dir='ltr'>quam</span> <span class='ocrx_word' id='word_1_169' title='bbox 746 2974 806 3039; x_wconf 92' lang='lat' dir='ltr'>par</span> <span class='ocrx_word' id='word_1_170' title='bbox 825 2966 883 3039; x_wconf 81' lang='lat' dir='ltr'>est,</span> <span class='ocrx_word' id='word_1_171' title='bbox 901 2954 1089 3019; x_wconf 87' lang='lat' dir='ltr'>celebratam</span> <span class='ocrx_word' id='word_1_172' title='bbox 1108 2978 1186 3044; x_wconf 90' lang='lat' dir='ltr'>esse,</span> <span class='ocrx_word' id='word_1_173' title='bbox 1208 2975 1256 3027; x_wconf 89' lang='lat' dir='ltr'>est</span> 
     </span>
     <span class='ocr_line' id='line_1_25' title="bbox 197 3058 1255 3148; baseline 0.003 -21"><span class='ocrx_word' id='word_1_174' title='bbox 197 3063 333 3128; x_wconf 91' lang='lat' dir='ltr'>omnino</span> <span class='ocrx_word' id='word_1_175' title='bbox 354 3058 442 3147; x_wconf 90' lang='lat' dir='ltr'>quod</span> <span class='ocrx_word' id='word_1_176' title='bbox 461 3063 597 3128; x_wconf 89' lang='lat' dir='ltr'>mireris.</span> <span class='ocrx_word' id='word_1_177' title='bbox 638 3059 814 3148; x_wconf 84' lang='lat' dir='ltr'>Novimus,</span> <span class='ocrx_word' id='word_1_178' title='bbox 825 3074 936 3127; x_wconf 87' lang='lat' dir='ltr'>nostro</span> <span class='ocrx_word' id='word_1_179' title='bbox 947 3062 1097 3128; x_wconf 90' lang='lat' dir='ltr'>Jubilaeo</span> <span class='ocrx_word' id='word_1_180' title='bbox 1108 3070 1255 3131; x_wconf 86' lang='lat' dir='ltr'>tertio-</span> 
     </span>
     <span class='ocr_line' id='line_1_26' title="bbox 196 3167 1253 3262; baseline 0.006 -28"><span class='ocrx_word' id='word_1_181' title='bbox 196 3171 250 3234; x_wconf 88' lang='lat' dir='ltr'>cui</span> <span class='ocrx_word' id='word_1_182' title='bbox 269 3171 325 3258; x_wconf 93' lang='lat' dir='ltr'>qui</span> <span class='ocrx_word' id='word_1_183' title='bbox 345 3167 553 3251; x_wconf 86' lang='lat' dir='ltr'>interfuerint,</span> <span class='ocrx_word' id='word_1_184' title='bbox 572 3170 736 3257; x_wconf 90' lang='lat' dir='ltr'>pauciores</span> <span class='ocrx_word' id='word_1_185' title='bbox 756 3170 822 3255; x_wconf 88' lang='lat' dir='ltr'>jam</span> <span class='ocrx_word' id='word_1_186' title='bbox 842 3182 1070 3257; x_wconf 84' lang='lat' dir='ltr'>supersunt-</span> <span class='ocrx_word' id='word_1_187' title='bbox 1090 3194 1171 3258; x_wconf 90' lang='lat' dir='ltr'>quae</span> <span class='ocrx_word' id='word_1_188' title='bbox 1192 3198 1253 3262; x_wconf 87' lang='lat' dir='ltr'>ge·</span> 
     </span>
     <span class='ocr_line' id='line_1_27' title="bbox 196 3275 1253 3367; baseline 0.003 -23"><span class='ocrx_word' id='word_1_189' title='bbox 196 3288 245 3344; x_wconf 86' lang='lat' dir='ltr'>sta</span> <span class='ocrx_word' id='word_1_190' title='bbox 264 3281 328 3344; x_wconf 90' lang='lat' dir='ltr'>sint</span> <span class='ocrx_word' id='word_1_191' title='bbox 347 3289 379 3342; x_wconf 90' lang='lat' dir='ltr'>et</span> <span class='ocrx_word' id='word_1_192' title='bbox 398 3275 491 3367; x_wconf 91' lang='lat' dir='ltr'>dicta,</span> <span class='ocrx_word' id='word_1_193' title='bbox 510 3279 545 3343; x_wconf 93' lang='lat' dir='ltr'>in</span> <span class='ocrx_word' id='word_1_194' title='bbox 564 3279 669 3343; x_wconf 93' lang='lat' dir='ltr'>lucem</span> <span class='ocrx_word' id='word_1_195' title='bbox 690 3279 772 3342; x_wconf 88' lang='lat' dir='ltr'>edita</span> <span class='ocrx_word' id='word_1_196' title='bbox 799 3292 918 3344; x_wconf 83' lang='lat' dir='ltr'>extare:</span> <span class='ocrx_word' id='word_1_197' title='bbox 943 3278 1006 3342; x_wconf 92' lang='lat' dir='ltr'>boc</span> <span class='ocrx_word' id='word_1_198' title='bbox 1030 3281 1126 3367; x_wconf 83' lang='lat' dir='ltr'>igitur</span> <span class='ocrx_word' id='word_1_199' title='bbox 1152 3283 1253 3350; x_wconf 87' lang='lat' dir='ltr'>volu-</span> 
     </span>
     <span class='ocr_line' id='line_1_28' title="bbox 196 3370 1251 3474; baseline 0.003 -23"><span class='ocrx_word' id='word_1_200' title='bbox 196 3406 274 3451; x_wconf 88' lang='lat' dir='ltr'>men</span> <span class='ocrx_word' id='word_1_201' title='bbox 294 3385 321 3451; x_wconf 89' lang='lat' dir='ltr'>si</span> <span class='ocrx_word' id='word_1_202' title='bbox 340 3370 500 3474; x_wconf 87' lang='lat' dir='ltr'>consulas,</span> <span class='ocrx_word' id='word_1_203' title='bbox 527 3409 571 3452; x_wconf 92' lang='lat' dir='ltr'>ne</span> <span class='ocrx_word' id='word_1_204' title='bbox 594 3389 766 3473; x_wconf 85' lang='lat' dir='ltr'>vestigium</span> <span class='ocrx_word' id='word_1_205' title='bbox 793 3386 923 3472; x_wconf 90' lang='lat' dir='ltr'>quidem</span> <span class='ocrx_word' id='word_1_206' title='bbox 949 3388 997 3449; x_wconf 90' lang='lat' dir='ltr'>rei</span> <span class='ocrx_word' id='word_1_207' title='bbox 1023 3385 1251 3474; x_wconf 90' lang='lat' dir='ltr'>deprehendes.</span> 
     </span>
     <span class='ocr_line' id='line_1_29' title="bbox 196 3490 1252 3585; baseline 0.006 -27"><span class='ocrx_word' id='word_1_208' title='bbox 196 3490 261 3558; x_wconf 90' lang='lat' dir='ltr'>Sed</span> <span class='ocrx_word' id='word_1_209' title='bbox 279 3515 339 3559; x_wconf 91' lang='lat' dir='ltr'>nec</span> <span class='ocrx_word' id='word_1_210' title='bbox 358 3491 398 3560; x_wconf 89' lang='lat' dir='ltr'>de</span> <span class='ocrx_word' id='word_1_211' title='bbox 419 3495 533 3585; x_wconf 87' lang='lat' dir='ltr'>altero,</span> <span class='ocrx_word' id='word_1_212' title='bbox 565 3508 597 3561; x_wconf 90' lang='lat' dir='ltr'>et</span> <span class='ocrx_word' id='word_1_213' title='bbox 616 3497 656 3561; x_wconf 93' lang='lat' dir='ltr'>de</span> <span class='ocrx_word' id='word_1_214' title='bbox 674 3500 781 3583; x_wconf 88' lang='lat' dir='ltr'>primo</span> <span class='ocrx_word' id='word_1_215' title='bbox 800 3492 957 3582; x_wconf 85' lang='lat' dir='ltr'>jubilaeo,</span> <span class='ocrx_word' id='word_1_216' title='bbox 985 3516 1067 3582; x_wconf 90' lang='lat' dir='ltr'>quae</span> <span class='ocrx_word' id='word_1_217' title='bbox 1086 3497 1169 3562; x_wconf 90' lang='lat' dir='ltr'>edita</span> <span class='ocrx_word' id='word_1_218' title='bbox 1192 3520 1252 3565; x_wconf 84' lang='lat' dir='ltr'>ex-</span> 
     </span>
    </p>
   </div>
   <div class='ocr_carea' id='block_1_4' title="bbox 97 3603 1248 3693">
    <p class='ocr_par' dir='ltr' id='par_1_5' title="bbox 97 3603 1248 3693">
     <span class='ocr_line' id='line_1_30' title="bbox 97 3603 1248 3693; baseline 0.007 -29"><span class='ocrx_word' id='word_1_219' title='bbox 97 3660 103 3673; x_wconf 76' lang='grc'><em>,</em></span> <span class='ocrx_word' id='word_1_220' title='bbox 196 3613 277 3688; x_wconf 86' lang='lat' dir='ltr'>tant,</span> <span class='ocrx_word' id='word_1_221' title='bbox 298 3616 554 3670; x_wconf 89' lang='lat' dir='ltr'>commemorant</span> <span class='ocrx_word' id='word_1_222' title='bbox 573 3604 749 3693; x_wconf 87' lang='lat' dir='ltr'>quidpiam.</span> <span class='ocrx_word' id='word_1_223' title='bbox 772 3603 808 3673; x_wconf 90' lang='lat' dir='ltr'>N</span> <span class='ocrx_word' id='word_1_224' title='bbox 808 3625 845 3670; x_wconf 88' lang='lat' dir='ltr'>ec</span> <span class='ocrx_word' id='word_1_225' title='bbox 854 3606 960 3669; x_wconf 88' lang='lat' dir='ltr'>minus</span> <span class='ocrx_word' id='word_1_226' title='bbox 972 3603 1073 3668; x_wconf 88' lang='lat' dir='ltr'>altum</span> <span class='ocrx_word' id='word_1_227' title='bbox 1085 3604 1248 3673; x_wconf 84' lang='lat' dir='ltr'>silentium</span> 
     </span>
    </p>
   </div>
   <div class='ocr_carea' id='block_1_5' title="bbox 231 3794 1245 3977">
    <p class='ocr_par' dir='ltr' id='par_1_6' title="bbox 231 3794 1245 3977">
     <span class='ocr_line' id='line_1_31' title="bbox 231 3794 1245 3888; baseline 0.006 -24"><span class='ocrx_word' id='word_1_228' title='bbox 231 3807 261 3876; x_wconf 72' lang='lat'>⁸)</span> <span class='ocrx_word' id='word_1_229' title='bbox 278 3808 403 3865; x_wconf 69' lang='lat' dir='ltr'>nante</span> <span class='ocrx_word' id='word_1_230' title='bbox 415 3810 595 3888; x_wconf 53' lang='lat' dir='ltr'>augeam.</span> <span class='ocrx_word' id='word_1_231' title='bbox 616 3794 669 3870; x_wconf 54' lang='lat' dir='ltr'>aar</span> <span class='ocrx_word' id='word_1_232' title='bbox 689 3810 876 3868; x_wconf 68' lang='lat' dir='ltr'>neumae.</span> <span class='ocrx_word' id='word_1_233' title='bbox 888 3810 969 3872; x_wconf 77' lang='lat' dir='ltr'>aru.</span> <span class='ocrx_word' id='word_1_234' title='bbox 982 3811 1048 3881; x_wconf 86' lang='lat'>(111.</span> <span class='ocrx_word' id='word_1_235' title='bbox 1060 3811 1152 3883; x_wconf 78' lang='lat' dir='ltr'>aur.)</span> <span class='ocrx_word' id='word_1_236' title='bbox 1168 3826 1245 3886; x_wconf 78' lang='lat' dir='ltr'>uuo·</span> 
     </span>
     <span class='ocr_line' id='line_1_32' title="bbox 267 3903 364 3977; baseline 0.01 -1"><span class='ocrx_word' id='word_1_237' title='bbox 267 3919 297 3976; x_wconf 83' lang='lat' dir='ltr'>r·</span> <span class='ocrx_word' id='word_1_238' title='bbox 319 3903 364 3977; x_wconf 78' lang='lat'>‚³⁶-</span> 
     </span>
    </p>
   </div>
   <div class='ocr_carea' id='block_1_6' title="bbox 0 0 1392 5124">
    <p class='ocr_par' dir='ltr' id='par_1_7' title="bbox 0 0 1392 5124">
     <span class='ocr_line' id='line_1_33' title="bbox 0 0 1392 5124; baseline 0 1"><span class='ocrx_word' id='word_1_239' title='bbox 0 0 1392 5124; x_wconf 95' lang='lat' dir='ltr'> </span> 
     </span>
    </p>
   </div>
  </div>
 </body>
</html>
