2776 5124
183 434 227 495 28
457 422 661 496 Burman
703 425 953 500 Parrrrrro.

183 592 311 682 „vileri
329 609 461 678 gravem
482 589 639 673 firnuam3
659 592 773 678 quodsi
792 593 875 658 forte
890 592 1019 664 divinae
1029 596 1238 688 placeatpro-

182 701 365 790 „videndae
384 701 539 768 maturius
558 697 608 761 Te
629 720 668 765 cx
695 705 762 768 vita
787 723 942 792 evocare,
974 701 1127 787 liuram,
1156 708 1237 773 dum

181 807 356 896 „Lugduni
374 818 602 893 commoretur,
621 829 660 872 cx
680 812 821 895 aerario,
839 810 927 898 quod
953 812 1132 880 academiae
1150 816 1238 881 Pro-

181 910 335 1006 „fessorcs
354 914 475 980 collatis
494 913 650 1002 symbolis
669 916 712 981 ad
737 916 948 991 sublevandas
968 922 1093 989 Viduas
1122 925 1238 991 condi-

138 1040 141 1052 *
180 1025 329 1114 „derunt,
345 1021 534 1106 pensionem
554 1044 701 1086 annnam
722 1044 789 1109 ²5⁰
796 1022 1009 1107 florenorum
1027 1042 1236 1117 accepturam

179 1154 269 1214 „esse
273 1123 673 1212 3fi1iosqueprolessornm
679 1127 772 1194 haud
776 1131 899 1218 negligi
905 1131 1019 1216 solere,
1033 1136 1088 1202 sed
1103 1136 1238 1226 sidigni,

180 1252 233 1328 „et
252 1240 380 1304 muneri
397 1231 525 1321 publico
554 1254 647 1318 pares
672 1238 755 1322 sint,
785 1259 900 1305 eorum
928 1245 1086 1309 rationem
1108 1245 1237 1334 haberi;

179 1351 320 1437 „racemi
338 1340 484 1429 exemplo
504 1361 572 1405 esse
591 1339 697 1407 filium
717 1357 795 1410 natu
814 1350 994 1413 marimum
1012 1349 1097 1416 beati
1122 1351 1239 1418 Schul-

180 1460 311 1546 „tensii,
340 1473 452 1540 quem.
466 1447 636 1546 Curatores
669 1464 744 1518 ante
776 1475 894 1541 paucos
919 1479 1045 1526 menses
1071 1460 1239 1530 tribunalis

181 1564 376 1654 „academici
396 1546 608 1640 Secretariiim
636 1564 872 1645 constituerim3
898 1601 942 1617 -
972 1565 1015 1634 ad
1038 1572 1098 1637 iter
1124 1591 1238 1638 versus

178 1674 351 1763 „Belgium
372 1664 608 1756 suscipiendum
626 1668 714 1755 quod
734 1674 875 1757 attineat,
894 1671 1018 1760 quodsi,
1030 1679 1236 1743 vocationem

178 1793 372 1870 „secuturus
390 1776 426 1842 id
444 1798 503 1862 per
523 1778 645 1842 vicinas
670 1775 840 1866 Tubingae
864 1784 1010 1867 regiones
1030 1779 1154 1848 Galliae
1183 1783 1237 1849 di-

178 1895 304 1978 „rigere
325 1887 416 1972 velis,
436 1882 606 1948 Curatores
625 1903 687 1964 per
699 1883 825 1967 legatos
839 1881 1012 1970 foederati
1031 1885 1152 1972 Belgii,
1177 1892 1236 1974 qui

176 1994 337 2079 „Parisiis
351 1993 482 2076 degunt,
503 1989 537 2054 id
556 1987 723 2055 effecturos
743 2011 820 2078 esse,
850 2003 886 2055 ut
906 1988 1033 2077 publica
1052 1999 1236 2063 auctoritate

177 2102 285 2190 „Tibi,
304 2100 394 2186 Tuis,
413 2098 569 2185 bonisque
589 2095 740 2165 omnibus
757 2109 853 2187 tutus,
873 2099 1062 2168 commodus
1085 2115 1117 2166 et
1135 2126 1236 2190 expe·

97 2224 100 2230 ’
176 2210 283 2300 „ditus
303 2211 452 2273 transitus
471 2219 678 2295 procuretur3
692 2245 736 2264 -ι-
755 2205 893 2294 denique
905 2207 1083 2287 Curatores,
1095 2224 1131 2280 ut
1142 2234 1234 2281 novo

176 2320 371 2406 „specimine
397 2336 591 2402 propensam
616 2337 708 2382 suam
733 2337 807 2403 erga
827 2315 878 2382 Tc
907 2316 1107 2387 voluntatem
1134 2334 1235 2390 testa-

174 2440 317 2512 „rentur,
339 2423 526 2510 decrevisse,
545 2436 580 2487 ut
597 2422 757 2508 promisso
783 2423 961 2494 honorario
986 2449 1098 2495 annuo
1130 2429 1235 2514 (cujus

175 2555 367 2622 „smnmam
379 2535 415 2600 in
433 2531 593 2617 prioribus
611 2532 693 2595 meis
712 2528 824 2600 litteris
842 2531 999 2621 indicavi)
1028 2531 1135 2600 aduae
1164 2555 1232 2604 auo

172 2640 316 2730 „florenis
329 2631 628 2724 superadduntur.“
1048 2665 1051 2669 ⁷

259 2747 350 2814 Haec
380 2746 503 2833 singula
535 2769 574 2813 ex
601 2745 714 2814 litteris
740 2748 930 2836 amplissimi
968 2752 1132 2820 Curatoris
1164 2777 1232 2836 vau

172 2856 331 2948 Lelyveld
351 2855 474 2942 belgico
496 2875 644 2918 sermone
664 2863 823 2946 conceptis
851 2861 919 2926 fere
945 2861 1048 2930 verbo
1074 2875 1166 2931 tenus
1194 2868 1231 2931 in

171 2971 308 3036 latinum
325 2984 419 3032 versa
437 2962 500 3026 huc
518 2967 725 3050 transscripsi.
768 2967 912 3032 Abunde
933 2970 1103 3057 intelliges,
1128 2995 1231 3057 qnan-

172 3092 242 3142 tum
264 3071 326 3139 Tui
339 3071 381 3142 sit
393 3068 598 3146 desiderium,
617 3078 649 3131 ei
666 3069 750 3133 nihil
767 3076 961 3137 intentatum
970 3074 1158 3160 {relinquere
1168 3076 1231 3141 Cu-

171 3196 308 3255 ratores,
345 3190 380 3247 at
407 3174 451 3250 Te
472 3174 660 3242 academiae
679 3197 758 3238 sune
776 3179 961 3264 acquirant.
1012 3181 1092 3249 Non
1119 3184 1231 3252 minus

169 3289 336 3375 intelliges,
356 3281 662 3370 ostentansque
682 3305 891 3373 opposueras,
922 3290 966 3351 ita
985 3287 1121 3355 sublatas
1149 3313 1228 3381 esse,

173 3413 211 3463 ut
229 3396 294 3464 fere
312 3392 420 3460 nullae
439 3404 637 3478 remaneant.
679 3391 786 3464 Unica
806 3392 936 3480 quidem
956 3408 1107 3483 superest,
1127 3420 1228 3485 quam

169 3501 441 3584 commemorasti,
460 3498 643 3585 linguarum
662 3504 801 3587 persicae
820 3515 852 3565 ct
870 3504 1006 3568 turcicae
1020 3502 1070 3568 Te
1084 3509 1227 3590 peritum

169 3636 238 3681 non
257 3631 334 3682 esse.
374 3606 439 3676 Sed
457 3607 499 3673 ad
517 3608 601 3675 hanc
625 3609 740 3676 dixisse
768 3606 917 3697 sufficiat,
946 3615 1117 3683 neminem
1136 3637 1227 3681 nunc

167 3727 279 3797 ¹vocari
296 3740 400 3808 posse,
420 3739 517 3805 quem
535 3721 570 3783 in
589 3719 639 3791 his
657 3719 774 3808 linguis
793 3732 914 3784 constet
933 3739 1000 3784 esse
1019 3733 1195 3789 versatum.

251 3829 354 3917 Igitur
381 3826 609 3896 humanissime
629 3839 660 3891 et
678 3849 738 3914 pro
758 3839 866 3894 nostra
891 3830 1028 3892 amicitia
1054 3835 1145 3896 enixe
1171 3831 1225 3900 Te

170 3959 261 4028 rogo,
279 3950 316 4003 ut
334 3935 375 4005 dc
392 3958 429 4004 re
448 3939 528 4002 tanti
547 3941 706 4004 momenti
724 3936 830 4004 denuo
850 3935 1013 4026 deliberes,
1022 3951 1053 4003 et
1072 3943 1222 4030 rationes,
