2776 5124
280 426 320 488 50
577 406 695 475 Pure.
713 409 1065 481 metricanorus

278 584 325 650 At
343 577 398 645 ille
415 588 525 643 nactus
543 574 645 641 fuerat
663 559 826 641 sacrorum
844 571 1017 642 bibliorum
1044 576 1203 670 codicem,
1229 575 1334 671 paulo

277 703 351 756 ente
369 691 514 776 primum
534 706 553 750 a
571 682 731 749 Frobenio
749 676 892 748 Basileae
907 678 1121 776 impressum,
1144 687 1259 776 quihus
1279 692 1341 759 le-

278 798 388 886 gendis
409 816 506 883 quam
523 805 600 859 tuno
619 779 703 855 'adeo
722 785 846 880 eoepit,
868 813 947 878 'eam
971 789 1224 862 ¹constantissime
1244 799 1334 867 dare

278 910 411 994 operam
430 907 466 966 in
485 903 552 964 tota
561 918 622 965 ¹sua
639 896 708 964 'vita
726 904 952 989 perseveravit,
967 916 1005 967 ‘et
1022 903 1119 969 talem
1146 903 1334 975 libum-ad

278 1036 391 1081 omnes
408 1017 585 1076 'conventus
600 1005 747 1096 'publicos
760 1020 872 1096 ‘postea
893 1008 1003 1077 detulit
1015 1028 1190 1101 'secumque
1200 1037 1334 1104 semper

278 1124 397 1190 habuit
436 1111 503 1183 'sed
523 1119 579 1203 qui
594 1114 691 1202 'plane
703 1110 875 1204 ‘singularis
892 1109 931 1195 in
946 1109 1069 1204 ¹juvene
1091 1134 1163 1188 'erat
1182 1134 1216 1188 et
1232 1127 1333 1212 inge*

278 1237 325 1300 nii
345 1233 441 1316 vigor
456 1229 492 1292 'et
510 1224 605 1290 ardor
624 1223 775 1313 discendi,
789 1236 870 1290 eum
886 1217 1026 1315 impulit,
1045 1229 1257 1296 mutilorum
1269 1248 1332 1298 're-

277 1364 352 1408 rum
372 1330 587 1425 cognitionem
603 1346 675 1398 'nou
692 1325 910 1422 attingendam
924 1353 1022 1426 'atque
1044 1342 1333 1430 “comprehenden-

279 1452 354 1516 dam
369 1447 507 1534 'putaret
542 1430 660 1529 ¹Itaque
673 1452 746 1508 non
763 1434 928 1534 'theologos
942 1451 1087 1538 tantum,
1109 1449 1172 1516 'sed
1193 1462 1225 1514 et
1249 1453 1333 1538 juris

278 1557 436 1623 consultos
449 1558 552 1619 ‘etiam
566 1554 604 1618 ‘et
622 1551 762 1616 medicos
778 1554 918 1643 audivit,
926 1569 963 1630 'et
977 1557 1074 1623 libros
1084 1559 1236 1623 omnim
1247 1580 1334 1645 pro·-

213 1671 216 1675 ’
277 1666 449 1731 sessionum
468 1661 598 1725 illarum
619 1653 809 1750 inspiciens,
823 1663 970 1750 'undique
990 1653 1158 1752 *quandam
1174 1667 1334 1732 *scientiae

279 1778 368 1861 quasi
386 1765 615 1859 possessionem
632 1774 812 1853 occupavit.
852 1768 984 1838 Praeter
999 1765 1333 1863 Gnoue0'S1mnnn,

277 1887 348 1970 jura
367 1902 453 1945 nunc
466 1867 683 1967 profitentem,
696 1887 767 1963 ‘quo
782 1880 880 1944 'an'tea
893 1872 1050 1968 'magistro
1065 1875 1105 1946 xin
1119 1871 1199 1946 ludo
1213 1876 1334 1946 Pfora-

279 1982 436 2054 heimensi
460 2008 534 2052 usus
558 1977 676 2072 tuerat,
697 1988 873 2073 ‘praecipue
894 1982 1022 2054 ‘solebat
1046 1978 1179 2057 'laudare
1197 1986 1334 2058 Gnoso.

278 2097 533 2162 Lturtnmr‘nn
553 2107 584 2158 et
602 2094 804 2193 Enrnonnnu
818 2095 979 2187 ediquem,
1004 2086 1053 2164 de
1076 2108 1143 2185 ‘q'uo
1173 2090 1331 2166 referebat

278 2206 357 2268 alios
375 2205 519 2269 doctores
543 2195 671 2266 dixisse:
691 2199 769 2266 Non
788 2211 956 2289 possumus
976 2222 1088 2268 omnes
1107 2203 1254 2271 doctrina
1271 2227 1331 2272 ae-

279 2334 377 2397 quare
392 2301 609 2376 Ennomon.
645 2297 796 2374 ssMe‘d‘icae
816 2313 943 2397 quoque
961 2312 1035 2374 artis
1049 2299 1247 2397 'professores
1267 2335 1331 2379 au·-

280 2421 361 2486 divit
381 2419 528 2506 studiose,
547 2423 579 2484 et
606 2411 725 2483 Galeni'
744 2408 845 2485 libros
862 2435 940 2481 ‘eum
959 2429 1099 2504 'propter
1125 2419 1273 2506 linguam
1298 2429 1331 2488 et

277 2527 478 2615 methodum,
496 2512 567 2591 tum
587 2538 717 2612 propter
736 2549 847 2592 rerum
874 2530 1089 2613 cognitionem
1109 2528 1153 2589 ita
1172 2528 1266 2614 legit,
1294 2544 1331 2597 ut

277 2639 466 2703 sententiam
492 2638 627 2699 auctoris
661 2638 702 2701 sit
733 2647 916 2701 consecutus
945 2646 977 2699 et
1007 2632 1159 2721 pleraque
1188 2643 1331 2720 potuerit

276 2748 464 2811 memoriter
481 2747 621 2815 recitare.
663 2741 794 2808 Praeter
813 2747 929 2808 mentis
948 2743 1036 2806 enim
1055 2744 1156 2805 aciem
1183 2755 1216 2807 et
1240 2746 1331 2832 judi-

276 2857 319 2918 cii
340 2853 555 2919 dexteritatem
583 2853 679 2917 etiam
705 2855 863 2916 memoria
893 2854 928 2917 in
954 2851 1010 2917 illo
1037 2864 1113 2917 erat·
1127 2851 1329 2944 admiranda,

278 2975 314 3027 ut
332 2963 516 3027 meminerit
535 2962 692 3046 omnium,
714 2980 794 3048 quae
813 2959 868 3027 vel
887 2960 1011 3047 legisset
1030 2980 1172 3048 unquam
1192 2963 1248 3029 vel
1266 2985 1330 3027 au-

278 3071 417 3156 divisset,
437 3083 473 3134 ut
490 3081 615 3155 tempus
633 3072 747 3155 etiam,
773 3066 898 3155 locum,
917 3089 1109 3158 personam,
1137 3082 1173 3136 ut
1190 3077 1330 3140 nomint

278 3201 415 3267 quoque,
435 3199 556 3265 versus,
576 3181 742 3244 sententias
753 3176 891 3254 ,haberet
910 3181 945 3243 in
962 3191 1125 3266 promptu.

361 3287 530 3352 Praeterea
548 3307 622 3350 usus
643 3298 689 3351 est
709 3285 852 3370 doctrina
870 3299 903 3351 et
920 3289 1130 3375 institutione,
1162 3301 1248 3352 certe
1275 3288 1330 3354 faa

278 3396 458 3463 miliaritate
478 3410 509 3461 et
528 3395 658 3459 consilio
678 3394 823 3462 Joannrs
841 3393 1039 3481 Rnucumnr,
1059 3417 1156 3482 quem
1176 3408 1328 3464 materna

278 3508 464 3589 cognatione
499 3506 703 3588 conjunctum
738 3501 872 3567 habebat
916 3503 1038 3589 sibique
1084 3509 1326 3573 amicissimum.

278 3613 387 3702 Hunc,
407 3613 603 3699 Stuttgartiae
621 3612 799 3698 degentem,
809 3610 990 3698 frequenter
1001 3615 1136 3678 accessit.
1177 3613 1219 3677 Et
1237 3615 1327 3700 quod

275 3721 331 3785 ille
350 3734 427 3786 tunc
445 3722 614 3788 luctaretur
634 3744 709 3786 cum
729 3720 903 3806 monachis,
922 3745 941 3786 a
962 3721 1075 3808 quibus
1093 3735 1226 3810 propter
1246 3745 1321 3790 sen-

275 3835 408 3895 tentiam
435 3831 552 3897 dictam
579 3831 619 3896 de
643 3831 731 3897 libris
761 3828 892 3915 judaicis
923 3834 1108 3916 gravissime
1137 3830 1327 3920 vexabatur,

275 3938 398 4004 assidue
422 3953 454 4006 et
479 3938 613 4008 fideliter
649 3939 696 4002 illi
721 3948 846 4025 praesto
872 3935 931 3999 fuit
963 3938 1232 4026 Memnonem,
1262 3939 1328 4005 de-
