2776 5124
160 452 181 507 2
442 432 642 499 Eutrorrs
684 428 936 497 Praerarro.
968 484 972 490 ,

162 626 234 672 cere
250 598 415 684 debebant,
435 619 516 683 qnae
533 597 575 660 ad
594 596 671 660 alios
691 591 867 662 venerandi
894 595 992 679 patris
1018 593 1134 682 libros,
1160 617 1214 660 sa-

162 733 293 778 crorum
321 711 356 774 in
383 704 649 790 Wiirtembergia
677 714 921 790 repurgatorum
946 699 1112 767 historiam
1140 708 1216 769 scite

162 821 361 902 illustrantes,
381 811 643 898 eruditorumque
662 812 698 876 in
717 809 828 874 litteris
847 807 1051 875 orientalibus
1073 823 1217 877 anteces-

163 949 274 994 sorum
295 923 488 989 memoriam
507 942 555 1007 ea,
576 940 657 1006 quae
675 931 818 1005 posteros
837 910 938 1005 decet,
956 922 1112 1004 aequitate
1123 931 1217 985 etso-
1266 959 1269 964 -

161 1039 252 1103 lertia
271 1032 444 1104 recolentes
462 1025 678 1118 supplementi
700 1027 771 1090 loco
791 1048 868 1117 esse,
885 1038 979 1116 atque
993 1029 1134 1115 aperitis
1148 1050 1217 1096 non

160 1167 253 1231 posse
271 1162 340 1210 non
357 1136 528 1204 desiderari
553 1131 754 1208 videbantur,

172 1243 176 1252 ’
248 1250 366 1314 Ferent
384 1251 473 1319 enim
490 1256 628 1314 aetatem
645 1256 678 1312 et
696 1246 781 1314 inter
798 1245 964 1314 historicos
981 1247 1100 1314 subacti
1121 1253 1216 1335 inge-

162 1364 209 1424 uii
231 1358 438 1445 perduratura
458 1364 541 1440 sunt,
559 1372 766 1440 quaecunque
784 1356 849 1420 Vir
867 1355 1073 1442 politissimus
1097 1357 1155 1423 sub
1175 1363 1217 1423 ti-

162 1467 243 1531 tulo:
285 1463 571 1544 Ertaeuteruagen
592 1459 721 1544 (1798.)
741 1460 781 1529 de
798 1461 1046 1531 Reformatione
1059 1465 1217 1531 Ecclesiae

162 1569 465 1654 Wiirtembergicae
483 1569 626 1652 virisque
645 1568 685 1633 de
694 1569 749 1632 illa
755 1568 836 1635 bene
848 1574 970 1637 meritis
982 1575 1216 1640 accuratissIme

46 1690 52 1743 ἴ
162 1682 347 1765 delectuque
365 1695 475 1740 rerum
495 1675 756 1743 memorabilium
778 1678 983 1750 ‚solertissime
1007 1679 1091 1750 facto
1115 1701 1218 1767 erpo-

84 1850 86 1856 .
161 1795 233 1855 suit.
275 1787 392 1857 Ferant
412 1780 490 1844 haec
506 1795 644 1846 aetatem
664 1807 731 1848 urea
750 1807 824 1849 cnm
844 1786 1023 1876 appendice
1043 1791 1101 1853 ista
1115 1787 1218 1854 histo-
1241 1786 1244 1791 ’

161 1894 422 1972 rico-litteraria,
442 1910 504 1974 qua
524 1889 564 1950 de
584 1888 676 1955 libris
697 1887 853 1979 Slooicis,
881 1895 939 1978 qui
956 1891 1150 1964 adnostram
1162 1919 1216 1962 sa-

161 2025 292 2071 crorum
310 2003 568 2087 repurgationem
586 1995 796 2086 pertinebant,
810 1997 1103 2071 Cuiuthiouuuin
1121 2027 1216 2070 usum

161 2121 197 2178 in
216 2104 486 2192 Wiirtembergia
505 2103 611 2170 seculo
632 2105 757 2171 decimo
776 2122 864 2174 sexto
883 2108 977 2193 (inde
994 2110 1035 2174 ab
1055 2133 1085 2177 a.
1108 2115 1215 2200 1555.)

104 2217 106 2222 ’
162 2224 248 2308 typis
267 2219 414 2305 impressi
433 2226 517 2302 sunt,
537 2217 698 2299 incognita
716 2213 819 2279 multa
836 2220 1047 2306 virorumque
1064 2241 1133 2286 non
1153 2221 1215 2286 ob.

161 2307 412 2397 liv1scendorum
430 2324 625 2388 memoriam
644 2327 784 2410 graviter
802 2332 1009 2399 restauranda
1026 2329 1175 2396 exhibuit.

247 2433 373 2528 Quibus
399 2434 434 2503 in
455 2435 693 2513 commentariis
718 2431 753 2497 id
777 2438 965 2519 praecipuae
987 2435 1089 2501 laudis
1114 2442 1217 2505 inesse

163 2541 246 2608 mihi
266 2541 402 2627 videtur,
422 2539 511 2627 quod
531 2538 649 2624 ubique
661 2563 701 2604 ex
715 2538 853 2605 fontibus
867 2540 1015 2610 hauriens
1027 2544 1217 2611 notabiliora

68 2721 73 2726 ,
164 2656 346 2740 quaevis-et
367 2649 521 2739 quidquid
541 2648 684 2718 colorem
704 2653 856 2735 temporis
868 2649 1101 2736 hominumque
1115 2675 1217 2738 agen-

162 2767 244 2826 tium
264 2761 431 2846 ingenium
450 2777 487 2820 ac
507 2778 615 2826 mores
635 2756 834 2822 vividissime
860 2758 991 2826 referret
1017 2774 1049 2824 et
1075 2760 1217 2824 delinea-

163 2883 221 2954 ret,
242 2890 280 2930 ex
301 2870 369 2950 ipsa
389 2864 444 2926 illa
464 2867 648 2948 antiquitate
668 2863 861 2930 verbotenus
882 2866 1038 2956 derivare,
1055 2875 1217 2934 narratio-

162 2981 259 3061 nique
279 2995 355 3039 suae
374 2971 569 3061 elegantiori,
589 2971 631 3035 ad
650 2972 884 3058 slmplicitatem
902 2987 1011 3040 tamen
1025 2973 1217 3064 antiquitatis

163 3077 352 3148 imitandam
372 3086 576 3169 compositae,
596 3080 715 3167 absque
735 3080 858 3146 fastidio
878 3086 922 3149 ita
940 3087 1128 3152 interserere
1150 3087 1217 3149 cal-

164 3193 268 3279 luerit,
289 3203 335 3277 ut,
356 3189 456 3258 veluti
476 3173 599 3277 pictura
619 3202 710 3258 vetus
730 3203 762 3255 et
782 3213 899 3261 coaeva
912 3197 1066 3259 ornatiori
1078 3198 1217 3260 circum·

175 3328 626 3349 Ἥ

234 3396 408 3465 randorum,
436 3397 489 3453 sub
512 3398 559 3452 tit.
579 3393 747 3450 Chronils
771 3393 839 3450 der
864 3394 1048 3463 Seuchen,
1076 3398 1114 3453 in
1131 3402 1216 3456 Ver.

232 3488 396 3564 bindung
421 3490 485 3546 mit
508 3489 574 3546 deu
598 3487 885 3565 gleichzeitigen
918 3492 1147 3565 Vorgiingen
1178 3493 1216 3545 in

235 3580 299 3651 rlcr
318 3583 543 3656 physischen
561 3583 661 3640 Welt
678 3580 748 3634 und
766 3581 801 3634 in
819 3581 884 3635 der
902 3585 1130 3642 Geschichte
1152 3586 1216 3641 des

209 3740 212 3745 Ι
234 3675 442 3730 Menschcn.
480 3675 493 3730 l
511 3678 565 3731 Th.
584 3692 653 3732 vom
670 3675 783 3748 Anfaug
800 3674 1036 3734 dechschichte
1053 3679 1100 3733 his
1119 3679 1149 3733 in
1167 3680 1216 3734 rlie

232 3767 318 3822 Mitte
336 3767 388 3823 des
408 3772 474 3827 X'V·
491 3772 711 3828 Jahrhunrlerts.
737 3772 763 3824 11
780 3773 833 3826 Th.
854 3771 1001 3829 vontdort
1018 3771 1064 3827 bis
1092 3773 1145 3828 auf
1167 3773 1215 3828 die

233 3872 351 3918 neueste
368 3864 442 3919 Zoit.
477 3863 533 3919 Mtt
551 3865 706 3920 vollstiind.
728 3867 862 3940 Registcr
887 3865 1054 3941 (Tiibingen
1074 3865 1132 3938 bey
1153 3866 1215 3922 Osi-

232 3952 347 4022 ander).
588 3950 591 3955 ’
