2776 5124
444 403 648 477 Eutronra
690 402 936 480 Parrrarto·

558 647 560 650 Α
650 617 709 697 -3'
1072 687 1073 691 Ν

257 785 367 858 Vltro
397 781 693 868 anAnrssnuo
719 779 794 850 nr
819 764 1109 853 Atmcrssnuo
1172 835 1175 839 ,

344 943 395 1028 c.
437 939 490 1029 r.
525 933 1032 1067 pacnuunnun

533 1193 535 1199 y
598 1114 629 1197 a
663 1113 701 1176 r,
735 1112 780 1168 n.

480 1253 528 1324 N..
548 1253 592 1323 G.
611 1250 896 1325 SCHROEDER.

236 1481 408 1549 vHesterno
427 1477 480 1542 die
501 1457 564 1564 ¹per
589 1497 754 1544 cursorem
777 1470 941 1564 publicum
966 1474 1084 1541 litteras
1111 1480 1218 1566 accepi

165 1592 292 1660 absente
312 1587 486 1655 Secretario
501 1585 702 1652 Hunnucrruo
722 1583 836 1648 adme
855 1587 983 1669 scriptas
1003 1581 1134 1649 aPetro
1149 1611 1216 1652 van

166 1696 340 1784 Lelyveld,
362 1693 519 1756 Membro
540 1689 681 1781 ,Collegii
703 1691 948 1782 spectatissimi,
976 1691 1062 1774 quod
1087 1693 1218 1755 Acade-

164 1806 251 1869 miae
270 1798 600 1888 Legatum-Butam
615 1819 731 1861 ruram
752 1797 846 1881 gerit.
888 1794 1051 1884 Significat
1066 1799 1147 1862 mihi
1154 1800 1219 1865 Vir

164 1911 395 1998 amplisshnus,
424 1927 458 1970 se
477 1924 612 1990 suosque
630 1900 778 1992 collegas
810 1927 849 1969 ex
874 1910 936 1971 tuis
964 1907 1005 1971 ad
1023 1931 1078 1972 me
1096 1908 1218 1999 litteris,

165 2041 242 2109 quas
262 2017 303 2082 ad
324 2017 555 2080 Husancnruu
574 2015 829 2099 transmiseram,
856 2035 926 2083 non
945 2018 1014 2079 sine
1034 2015 1144 2082 dolore
1163 2022 1219 2084 in-

162 2129 329 2213 tellexisse,
351 2123 413 2210 Te,
440 2125 493 2190 vir
512 2121 693 2208 clarissime,
718 2120 894 2193 rationibus
918 2124 1110 2210 quibusdam
1141 2149 1220 2219 perf

163 2251 292 2303 motum
310 2233 416 2321 fuisse,
435 2243 471 2295 ut
489 2251 550 2316 pro
571 2227 675 2292 oblata
691 2227 735 2298 ad
754 2233 848 2296 istam
860 2215 1219 2305 academiamvocatio-

164 2367 217 2432 ne,
238 2345 421 2428 ceteroquin
440 2337 526 2428 hand
544 2341 667 2424 ingrata
686 2337 801 2425 futura,
821 2345 935 2426 gratias
955 2364 1077 2429 ageres‚·
1097 2368 1136 2410 ex
1155 2350 1219 2410 ite-
1311 2376 1315 2391 1

164 2465 232 2518 rata
250 2465 361 2521 tamen
377 2449 508 2519 illarum
527 2446 663 2516 lectione
683 2451 790 2527 visum
814 2473 884 2518 esse
903 2449 1109 2521 (iuratoribus
1115 2500 1127 2541 ,
1158 2454 1219 2518 ali-

166 2562 229 2648 qua
248 2565 287 2629 iis
308 2559 575 2647 continetque
594 2557 886 2645 interpretationem
906 2565 942 2628 in
957 2563 1126 2628 meliorem
1138 2585 1219 2649 par-

165 2682 232 2733 tem
254 2666 422 2734 admittant
445 2675 480 2733 et
502 2684 573 2731 non
591 2684 726 2727 omnem
746 2666 810 2736 Tui
830 2668 993 2739 obtinendi
1011 2692 1103 2757 spem
1119 2659 1221 2756 prae-

163 2776 281 2862 cidant,
299 2772 478 2844 dummodo
497 2768 710 2860 difficultates,
730 2796 808 2861 quas
828 2776 1020 2864 obmovisti,
1048 2779 1221 2844 commoda

165 2889 290 2950 ratione
313 2884 553 2952 removeantur.
602 2879 703 2950 Hunc
725 2886 764 2952 in
788 2883 891 2955 finem
910 2909 966 2956 me
982 2901 1091 2974 rogat,
1119 2888 1219 2954 velim

164 2997 283 3058 iterum
301 2991 385 3054 fores
405 3003 473 3053 tuas
498 2989 623 3074 pulsare
647 3003 681 3058 et
705 2991 836 3054 nomine
861 2992 1055 3075 amplissimi
1082 2991 1220 3079 Collegie'

165 3099 245 3166 haec
263 3103 424 3186 sequentia
440 3100 551 3165 ¹animo
572 3109 627 3162 tuo
647 3099 747 3184 probe
765 3097 995 3168 consideranda
1021 3120 1219 3185 proponere:

245 3207 475 3300 '„Singularem
500 3206 702 3296 modestiam,
732 3229 797 3298 qua
826 3205 866 3274 de
883 3207 1061 3276 eruditione
1080 3221 1134 3270 tua
1152 3212 1221 3294 ipse

166 3331 256 3409 „tam
281 3325 417 3388 tenuiter
441 3322 575 3406 sentias,
603 3321 779 3409 optimam,
807 3337 904 3402 quam
922 3315 1093 3384 Curatores
1122 3315 1162 3379 de
1188 3327 1220 3379 te

165 3431 403 3516 „conceperint,
422 3431 609 3516 opinionem
624 3447 696 3496 non
720 3427 883 3512 minuisse,
903 3423 959 3488 sed
975 3423 1156 3506 ,adauxisse3
1176 3451 1220 3477 .-..

168 3546 329 3622 „aetatem
357 3540 457 3605 trium
487 3550 519 3601 et
544 3538 773 3627 quinquaginta
801 3519 965 3603 annorum
1001 3544 1123 3602 tantam
1150 3555 1220 3598 non

168 3665 270 3730 „esse,
289 3655 326 3706 ut
345 3665 383 3706 ea
402 3645 457 3714 vel
474 3643 645 3714 Curatores
662 3665 685 3713 a
703 3642 850 3715 vocando
869 3647 943 3715 viro
965 3646 1108 3712 nominis
1134 3643 1220 3706 fama

168 3762 223 3836 „et
240 3755 360 3816 meritis
381 3752 505 3840 celebri,
532 3753 586 3820 vel
610 3753 663 3822 Te
685 3752 725 3816 ab
746 3749 963 3839 amplectenda
983 3755 1160 3837 vocatione,
1188 3763 1221 3814 et

167 3880 279 3946 „nova
293 3864 386 3945 quasi
404 3867 504 3950 patria
523 3863 677 3950 ehgenda,
691 3859 858 3925 'dehortari
878 3872 989 3946 queat3¹
1015 3897 1058 3913 -
1085 3859 1221 3922 docendi

168 3972 395 4053 „provinciam
415 3971 589 4043 valetudini
608 3972 682 4037 Viri
703 3968 845 4058 pluribus
864 3973 955 4037 annis
973 3970 1132 4032 exercitati
1150 3989 1219 4032 non

108 3830 113 3866 t
