2776 5124
286 424 343 485 168
581 413 795 485 Wnamuns
815 415 1010 489 Scmcrmn.

284 586 388 670 Deus,
408 585 610 650 haecomnia
631 605 712 648 unus
732 589 802 670 quis
820 584 917 652 ferat?
943 585 1005 652 Sed
1019 587 1088 653 tulit
1101 588 1232 680 Noster,
1252 615 1325 662 non

282 693 361 782 levi,
382 715 449 759 non
469 692 622 759 obdurato
638 697 756 757 enimc.
797 689 900 758 Sensit
913 697 1065 780 jacturam
1078 700 1204 786 intime,
1224 725 1327 790 prae-

283 804 373 889 cipue
392 803 582 886 liberorum,
602 822 740 888 quorum
759 821 851 864 causa
870 800 976 869 scribit
986 802 1093 870 fecisse
1107 828 1151 894 se,
1171 814 1325 898 quicquid

282 908 399 977 fecerit.
439 909 502 975 Sed
523 909 590 975 tulit
613 929 713 997 aequo
734 908 865 977 actoru
884 913 1010 994 anim03
1036 914 1123 978 nulla
1142 919 1177 981 in
1195 919 1324 1006 litteris,

282 1021 394 1106 quibus
422 1021 510 1084 fratri
542 1017 733 1087 calamitates
761 1032 903 1105 enarrat,
939 1022 1146 1106 impotentior
1174 1027 1323 1112 querela,

282 1127 400 1196 doloris
423 1130 666 1214 intemperantia
690 1123 795 1194 nulla:
822 1129 865 1191 ita
888 1127 972 1216 tulit,
1002 1142 1038 1193 ut
1057 1134 1267 1215 acquiesceret
1289 1142 1324 1203 in

279 1251 364 1303 sorte
391 1236 548 1322 humana,
587 1247 623 1299 ut
651 1234 692 1299 ad
716 1233 893 1301 litterarum
922 1236 1025 1302 studia
1053 1259 1121 1303 sese
1149 1243 1322 1332 conferret,

277 1352 483 1432 animumque
501 1367 557 1435 spe
578 1344 719 1412 melioris
735 1345 923 1411 conditionis
937 1356 1129 1413 sustentaret
1170 1347 1322 1418 Tandem

277 1468 308 1519 et
336 1456 490 1518 modestia
520 1457 583 1521 viri
613 1451 780 1517 laudanda.
831 1452 939 1539 Atque
966 1451 1049 1516 haec
1071 1455 1202 1540 quidem
1231 1471 1321 1525 tanta

275 1576 357 1650 erat,
390 1576 505 1648 quanta
531 1561 610 1626 solet
635 1562 823 1648 plerumque
842 1581 909 1625 esse
928 1562 964 1625 in
982 1560 1113 1626 homine
1132 1587 1210 1632 vere
1229 1565 1319 1634 bono

275 1691 311 1735 ac
335 1693 454 1757 magno
475 1691 511 1734 ac
530 1669 755 1736 benemerito.
801 1667 887 1735 Cum
908 1667 1037 1736 tandem
1055 1685 1197 1758 receptus
1218 1689 1317 1766 esset,

273 1779 339 1845 fere
358 1783 461 1848 Invito
478 1777 612 1865 Senatu,
632 1780 667 1844 in
687 1776 856 1863 collegium
874 1775 1143 1869 philosophicum,
1164 1805 1246 1870 quae
1266 1809 1317 1852 res

273 1889 421 1951 omnium
449 1890 590 1953 maxima
619 1889 679 1972 ipsi
698 1906 765 1951 esse
785 1882 968 1970 videbatur,
995 1899 1119 1952 tantum
1139 1889 1254 1979 abluit,
1281 1909 1317 1960 ut

273 1995 471 2083 triumphum
491 2018 576 2061 nunc
595 1996 684 2082 quasi
702 2004 809 2077 ageret
827 2003 921 2078 atque
941 1996 1071 2061 virtutes
1090 2018 1161 2062 suas
1176 2002 1316 2091 jactaret,

276 2117 310 2167 ut
331 2107 433 2185 potius
454 2104 495 2168 ad
515 2108 653 2169 amicum
667 2099 828 2166 scriberet:
847 2122 897 2167 res
908 2101 1037 2187 quidem
1050 2107 1131 2172 novi
1144 2120 1190 2170 est
1204 2130 1317 2173 exem.

208 2270 212 2277 .
276 2212 337 2299 pli,
365 2234 432 2278 esse
450 2234 585 2277 numero
605 2222 726 2297 septem
745 2208 1008 2300 philosophorum
1031 2253 1074 2268 -
1101 2217 1157 2282 sed
1176 2223 1318 2313 invidia,

277 2341 376 2406 quam
395 2325 569 2388 necessario
589 2323 724 2407 iucurri,
754 2320 895 2406 quotidie
912 2336 948 2388 ut
966 2345 1059 2414 spero
1077 2332 1232 2398 minuitur
1259 2333 1317 2420 (ad

277 2428 436 2516 Bernegg.
455 2452 527 2517 pag.
539 2428 608 2512 99).

360 2539 476 2604 Extant
500 2537 585 2625 apud
608 2561 662 2604 me
685 2537 806 2604 litterae
824 2560 844 2604 a
863 2537 1021 2610 Peirescio
1040 2543 1207 2632 adipsum
1226 2550 1318 2620 datae

278 2671 309 2716 a.
326 2649 359 2714 d.
377 2655 413 2715 17
429 2647 507 2714 Jan.
526 2652 631 2733 1634„
658 2671 793 2735 quarum
812 2651 939 2715 initium
964 2651 1072 2719 laudes
1097 2657 1317 2743 complectitur

277 2755 472 2844 Schickardi,
493 2778 596 2843 neque
614 2770 722 2822 tamen
737 2756 805 2823 illas
816 2756 1019 2823 immodicas:
1047 2774 1080 2825 at
1090 2761 1211 2831 Noster
1223 2790 1315 2833 mar-

259 2870 342 2951 ,gini
361 2887 417 2931 sua
436 2886 536 2930 manu
556 2864 718 2952 adscripsit
734 2865 826 2932 haec:
848 2863 959 2951 „Haec
977 2870 1148 2957 excessiva,
1168 2885 1202 2939 et
1215 2877 1317 2944 nimis

276 2973 413 3053 Gallica,
439 2995 507 3038 non
523 2978 663 3060 agnoscit
677 2994 750 3038 mea
764 2968 929 3038 tenuitas“.

353 3085 440 3150 TalIs
450 3106 523 3148 cum
534 3080 849 3168 fiteritSchiclrardus,
868 3079 945 3166 quid
957 3084 1093 3173 mirum,
1103 3106 1179 3151 eum
1189 3109 1312 3158 asum.

269 3197 331 3261 mis
348 3196 454 3258 aetatis
469 3215 544 3258 suae
561 3197 639 3261 viris
655 3192 786 3256 maximi
803 3188 937 3278 factum,
962 3203 1055 3278 atque
1076 3194 1188 3261 litteris
1203 3195 1313 3265 hono-

266 3300 502 3366 rificentissimis
517 3300 756 3387 compellatum,
776 3311 941 3362 mortuum
955 3322 1034 3367 vero
1049 3307 1202 3392 certatim,
1223 3309 1315 3375 velut

267 3413 300 3473 in
316 3415 482 3477 communi
495 3409 671 3475 litterarum
685 3408 781 3492 luctu,
793 3405 984 3472 carminibus
998 3407 1189 3474 celebratum
1199 3412 1312 3484 fuisse!

266 3515 339 3601 Ipse
355 3519 495 3604 Grotius,
522 3530 590 3581 tum
609 3516 784 3582 Succormn
805 3517 933 3602 reginae
954 3514 1039 3602 apud
1058 3539 1169 3603 regem
1185 3517 1313 3588 Galliae

265 3622 383 3710 legatus
400 3624 592 3712 ordinarius,
612 3631 646 3690 in
664 3624 785 3690 obitum
800 3621 912 3687 Nostri
925 3619 1002 3687 haec
1017 3625 1153 3710 scripsit:

333 3733 478 3788 Pestifcro
505 3732 617 3806 rapitur
638 3731 831 3789 Schiclardus
855 3728 968 3785 sidere:
999 3729 1079 3784 docti

366 3824 451 3884 Flcnt
468 3828 568 3894 simul,
590 3840 676 3900 atquc
693 3839 770 3882 artos
787 3824 901 3880 discere
918 3821 1046 3898 quisquis
1063 3833 1149 3879 amat.

330 3920 387 3978 Vix
404 3932 543 3997 poterunt
561 3925 619 3978 scri
638 3924 723 3978 talem
741 3935 861 3992 sperare
881 3916 1018 3992 nepotes!

657 4027 918 4050 ............--
