2776 5124
345 413 601 490 Anomrnscoro
622 415 884 489 Sausauaomsr.
1096 425 1135 486 75

25 652 28 654 ,
82 600 185 668 quam
209 577 484 668 urbempoutifex
504 581 545 650 ad
564 583 723 650 honorem
744 581 886 649 Caesaris
905 582 1026 650 vicario
1046 581 1137 663 exhi7
1233 658 1248 678 l
1298 663 1301 678 ,

81 691 248 778 bendum,
267 692 356 758 velut
373 696 442 780 ipse
461 693 592 761 obviam
610 696 640 758 ei
659 705 812 759 venturus
825 693 985 760 Ravenna
1001 707 1136 758 conten·
1157 690 1161 696 ⁴

81 806 142 871 dit.
181 802 329 890 Cumque
348 803 462 867 urbem
480 803 534 866 ille
554 825 628 866 cum
648 805 769 888 ingenti
786 823 906 888 pompa
924 804 1072 889 intraret,
1094 802 1136 869 ad

80 910 270 1002 pontificem
298 916 404 977 statim
432 911 581 977 deductus
613 925 675 997 est,
710 915 766 996 qui
793 932 869 974 eum
896 909 1138 996 praestolaretur
1228 920 1232 921 ’
1266 903 1268 906 ’

81 1045 149 1089 una
168 1019 243 1085 eu‘m
256 1020 478 1086 cardinalibus
497 1027 560 1086 suis
580 1020 739 1086 omnibus.
780 1018 923 1106 Langius
943 1017 1057 1091 eodem
1075 1040 1138 1105 an-v

81 1154 128 1198 no
154 1136 223 1217 ipse
242 1142 387 1216 receptus
407 1144 452 1194 est
471 1136 507 1194 in
525 1153 699 1216 numerum
718 1142 971 1217 purpuratorum
990 1128 1137 1192 eeclesiae

79 1245 277 1329 principum,
309 1237 408 1302 dictus
434 1237 555 1302 Sacrae
584 1237 757 1301 Romanae
782 1235 934 1298 ccclesiae
961 1235 1135 1324 diaconus,

83 1345 273 1433 Cardino(is
297 1347 329 1410 S.
353 1344 478 1430 Angeli
506 1348 540 1408 in
563 1345 640 1432 soro
666 1344 802 1431 piscium
811 1367 825 1417 .·¹
847 1347 1019 1429 ipse·ver0
1042 1344 1081 1409 de
1102 1367 1136 1409 se

79 1458 141 1524 bac
163 1451 288 1521 ¹solebat
313 1455 454 1520 formula
478 1457 541 1518 uti:
573 1453 680 1516 locum
700 1464 811 1515 tenens
831 1451 985 1536 generalis
1007 1463 1037 1516 et
1056 1475 1134 1538 pro-¹

80 1556 209 1632 eruatur
222 1569 431 1637 serenissimi
453 1577 485 1628 et
502 1561 752 1626 excellentissimi
774 1558 900 1630 domini
920 1560 1136 1626 Maximiliani

79 1674 309 1739 Romanorum
329 1675 530 1760 imperatoris
551 1691 678 1754 semper
695 1668 847 1750 Augusta
875 1667 1030 1733 Proximo
1048 1692 1133 1757 anno

78 1783 197 1870 (1512)
218 1805 237 1846 a
258 1782 393 1849 Caesare
417 1781 562 1845 Romam
580 1758 712 1865 missus,
747 1759 820 1849 eam
849 1774 910 1839 sibi
938 1776 1053 1842 urbem
1079 1782 1135 1864 in...

77 1897 175 1958 tranti
199 1913 356 1980 pompam
382 1901 527 1976 paratam
553 1885 683 1972 habuit,
717 1904 780 1972 qua
805 1888 911 1971 major
936 1899 968 1965 et
990 1887 1134 1974 splendi-

78 2001 151 2068 dior
169 2024 211 2066 ne
230 2005 298 2088 regi
318 2002 457 2085 cuipiam
473 1994 687 2062 exhiberetur.
752 2037 754 2045 ,
957 2063 959 2070 ,

158 2110 292 2175 Mortuo
309 2107 400 2171 Julio
420 2106 467 2170 ΙΙ.
485 2103 650 2190 pontifice,
679 2109 810 2170 cumin
829 2106 937 2171 locum
957 2111 1023 2195 ejus
1043 2111 1130 2193 illico¹

72 2215 336 2285 succederetLeo
350 2215 412 2302 X.,
437 2219 555 2279 iterum
586 2235 606 2277 a
627 2211 762 2279 Caesare
787 2219 903 2281 missus
926 2231 973 2283 est
990 2216 1132 2306 Longius
1243 2238 1246 2239 ⁷

70 2323 236 2414 Romam,
265 2338 336 2392 tum
351 2323 495 2390 Caesaris
515 2338 547 2388 et
566 2322 742 2388 archiducis
757 2321 868 2389 Caroli
890 2329 1131 2413 nominepon7

70 2432 149 2498 tifici
168 2456 273 2504 novos
293 2434 433 2498 honores
454 2433 676 2520 gratulaturus,
699 2446 770 2501 tum
792 2432 878 2518 pacis
902 2455 977 2496 cum
994 2437 1129 2513 Venetis

69 2543 275 2629 paciscendae
296 2547 462 2630 negotium
480 2553 676 2607 tractaturus.
715 2541 758 2605 In
780 2541 840 2606 hac
863 2541 1020 2628 legatione
1041 2545 1123 2608 illud

69 2650 188 2737 effecit,
230 2662 266 2714 ut
295 2651 337 2714 ad
370 2650 682 2737 archiepiscopatum,
703 2648 975 2738 salisburgensem
1002 2653 1125 2719 aditum

68 2757 129 2825 sibi
152 2772 279 2823 certum
296 2772 431 2846 pararet.
473 2747 603 2823 Etenim
625 2759 750 2845 collegii
772 2761 1124 2848 Metropoliticissalis-

68 2864 235 2954 burgensis
264 2889 284 2930 a
307 2873 412 2954 prima
434 2867 510 2931 inde
536 2872 660 2953 origine
686 2890 724 2932 ea
747 2867 850 2932 adhue
873 2873 953 2933 ratio
977 2883 1059 2956 erat,
1088 2883 1124 2934 ut

68 2975 111 3038 ad
150 2975 294 3063 regulam
321 2976 492 3062 Augustini
532 2975 670 3040 adstricti
705 2990 808 3043 essent
843 2977 977 3042 sodales.
1024 2977 1124 3069 Quod

69 3105 146 3147 cum
168 3088 307 3170 iniquius
333 3083 453 3149 ferrent
480 3082 636 3150 Canonici
662 3084 857 3170 mallemque
885 3107 960 3148 cum
983 3085 1124 3171 aliarum¹

68 3190 308 3256 Cathedralium
341 3193 544 3255 ecclesiarum
569 3195 728 3256 canonicis
756 3191 905 3258 liberiore
934 3195 982 3255 uti
1008 3193 1122 3257 condi*

67 3303 173 3386 tione,
206 3298 368 3387 Langium
393 3306 542 3368 maximis
566 3307 662 3367 etiam
686 3301 780 3369 rebus
806 3299 1009 3390 perficiundis
1035 3302 1123 3381 haud

66 3411 244 3495 imparem,
278 3411 484 3477 conciliarunt
507 3410 582 3498 sibi,
624 3415 680 3499 qui
694 3411 820 3476 Romae
843 3416 1019 3476 etiamnum
1043 3411 1121 3476 hae·
1231 3428 1239 3447 ·

66 3538 143 3583 rens
168 3516 258 3583 facile
282 3541 302 3582 a
320 3520 470 3607 pontifice
490 3524 675 3607 impetravit
695 3519 758 3586 illis
780 3520 941 3613 licentiam
963 3521 1004 3586 ad
1025 3543 1119 3587 secu-

66 3625 143 3691 laris
161 3626 239 3703 cleri
255 3628 430 3695 formulam
449 3631 643 3699 transeundi.
849 3696 850 3700 ,

152 3732 230 3825 Quo
258 3736 341 3803 facto
367 3739 415 3803 illi
434 3755 469 3805 ut
488 3745 622 3828 gratiam
643 3743 761 3830 gratiae
785 3740 939 3807 referrent
957 3751 989 3802 et
1008 3738 1117 3802 Maxi-

67 3841 200 3906 miliano
218 3847 315 3909 simul
335 3845 601 3937 gratificarentur,
619 3872 729 3914 causae
749 3873 823 3914 suae
838 3863 1010 3937 patronum
1024 3843 1116 3910 Lan-

67 3953 159 4036 gium
186 3950 364 4039 adjutorem
390 3956 544 4023 dederunt
568 3956 804 4048 archiepIseopo
829 3980 886 4025 suo
893 4003 904 4045 ,
930 3954 988 4035 sed
1011 3956 1113 4018 inuito
