2776 5124
216 432 283 479 cuu
302 413 521 480 Parmtncms
537 431 668 477 auarus
684 407 940 478 Cousraurruor.
1041 418 1097 478 121

47 614 54 624 ·
139 578 248 662 Atque
268 580 302 640 in
322 575 384 639 hoc
404 575 503 662 gradu
517 576 667 662 perstitit,
687 571 875 638 Cancellarii
888 575 1017 660 quidem
1030 577 1100 641 loco

51 687 180 751 dimotus
196 708 253 770 per
268 706 370 753 annos
385 696 456 748 octo
468 690 658 771 continuos,
669 683 724 748 sed
740 683 853 747 cedens
864 681 970 750 Andr.
984 683 1104 749 Osian-

52 795 128 859 dr0.
172 794 262 859 Obiit
287 815 372 857 anno
395 813 488 877 supra
510 792 716 859 millesimum
736 795 961 855 sexcentesirno
982 790 1105 856 duode-

53 909 163 988 cimo,
190 907 277 967 senio
297 901 480 987 morbisque
497 921 626 985 prorsus
647 899 819 984 confectus,
841 913 877 961 ut
896 899 936 961 ad
954 899 1105 963 lecttdum

52 1012 230 1097 sellamque
252 1009 388 1095 defixus,
409 1030 543 1096 eamque
564 1011 738 1072 memoriae
756 1010 911 1094 jacturam
931 1027 1052 1093 passus,
1071 1020 1107 1071 ut
1213 1016 1218 1028 '

52 1125 106 1186 sui
125 1126 221 1184 etiam
241 1123 381 1183 nominis
405 1117 519 1182 oblitus
540 1129 627 1185 esset.
797 1094 801 1117 ⁸

141 1223 409 1312 Hrffenreffirus,
430 1229 634 1311 gravissimus
648 1230 759 1318 judex,
781 1230 862 1296 hanc
883 1233 970 1320 (pag.
987 1232 1053 1319 51.)
1068 1233 1107 1298 de

57 1359 98 1402 eo
129 1337 317 1406 sententiam
345 1333 470 1419 publice
496 1335 637 1419 profatus
666 1350 727 1404 est:
765 1343 843 1427 „qui
876 1345 910 1404 in
934 1341 1108 1406 scrutandis

56 1442 326 1532 profunditatibus
352 1446 594 1529 scripturarum,
630 1466 802 1533 earumque
827 1453 986 1535 mysteriis
1006 1450 1108 1536 expli-

58 1553 186 1638 candis,
206 1557 243 1616 iis
263 1557 418 1639 maxime,
440 1573 520 1638 quae
536 1556 617 1616 circa
631 1576 801 1639 personam
815 1554 947 1643 Christi,
968 1569 999 1620 et
1013 1581 1109 1643 prae-

61 1661 278 1727 destinationis
307 1661 476 1726 articulum
504 1673 611 1724 contra
639 1659 858 1750 Calvinianos,
893 1662 1045 1751 Jesuitas,
1077 1676 1108 1727 et

59 1771 250 1858 phantasma
276 1769 498 1834 Huberianum
523 1781 703 1857 versantur,
738 1769 910 1832 Gerlachio
936 1784 1044 1836 nostro
1071 1777 1111 1836 sit

60 1878 218 1965 fueritque
237 1882 398 1965 superior,
419 1898 478 1964 ego
498 1877 627 1960 quidem
647 1882 727 1945 novi
746 1874 943 1942 neminem“.

150 1988 206 2051 De
232 1986 327 2049 Actis
354 1983 420 2048 illis
446 1982 811 2071 Constantinopolituuis
840 1983 927 2051 lubet
952 1989 1107 2076 quaedam

61 2099 263 2189 subjungere.
316 2092 331 2123 ¹
995 2176 998 2181 Ι

147 2209 287 2274 Instituti
313 2211 432 2295 negotii
457 2229 586 2272 rumore
612 2219 699 2294 orto,
728 2227 804 2270 non·
825 2209 913 2272 enim
939 2207 1021 2272 clam
1040 2210 1110 2272 fur-

61 2322 168 2386 timve
192 2316 357 2404 agebatur,
391 2316 477 2380 haud
502 2316 581 2380 nihil
606 2338 700 2380 curae
724 2320 970 2403 suspicionisque
995 2322 1111 2385 invasit

10 2450 12 2455 ⁴
58 2427 273 2493 adversarios.
322 2423 505 2487 Stanislaus
529 2423 731 2502 Socolooius,
761 2423 979 2492 Cracoviensis
1002 2425 1111 2491 Cano-

62 2542 171 2621 nicus,
199 2545 308 2597 nactus
334 2528 479 2594 alicunde
498 2529 700 2615 Responsum
723 2527 937 2594 Patriarchae
963 2532 1008 2594 ad
1034 2535 1112 2596 Au-

64 2654 147 2733 gust.
172 2636 426 2720 Corrfessr'onem,
456 2635 556 2697 latine
576 2635 659 2697 illud
681 2637 780 2698 edidit
795 2639 1014 2737 anno,(1582)
1034 2640 1113 2702 mil-

55 2753 179 2816 ·lesimo
199 2747 449 2832 quingentesimo
467 2748 658 2831 octogesimo
675 2745 813 2808 secundo
832 2745 1022 2828 Crucoviue,
1043 2769 1111 2811 non
1178 2748 1181 2755 '

66 2865 134 2924 sine
165 2851 429 2922 cavillationibusc
456 2850 655 2916 Lutheranos
684 2854 859 2941 confugisse
885 2853 926 2914 ad
953 2852 1110 2942 Graecos,

67 2967 107 3032 ab
126 2967 176 3031 his
195 2963 332 3032 voluisse
351 2965 386 3022 in
406 2964 669 3025 communionem
684 2967 799 3048 recipi,
819 2962 877 3025 hos
890 2961 1007 3046 judices
1020 2984 1114 3026 conr-

69 3078 176 3140 munis
196 3092 306 3134 causae
326 3070 534 3151 constituisse,
555 3080 586 3130 et
607 3091 687 3154 quae
707 3082 780 3133 sunt
799 3069 883 3133 talia.

151 3180 267 3245 Novae
296 3181 400 3241 statim
428 3174 584 3259 Responsi
614 3175 766 3241 editiones
794 3177 892 3240 factae
922 3176 1055 3244 diversis
1079 3182 1114 3243 in

70 3295 163 3376 locis,
201 3308 275 3349 cum
305 3286 399 3349 novis
429 3281 604 3345 calumniis.
658 3284 761 3369 Igitur
793 3287 908 3348 nostris
937 3284 1115 3372 decretum,

71 3401 155 3464 Acta
175 3399 295 3478 integra
315 3391 460 3476 vulgare,
484 3410 550 3453 non
571 3389 667 3454 latino
689 3403 813 3455 tantum
833 3392 888 3456 sed
908 3414 1025 3476 graeco
1046 3415 1115 3456 ser-

71 3527 187 3590 mone,
209 3506 251 3566 sic
271 3511 423 3564 statuente
436 3498 528 3560 Duce
543 3496 720 3566 Ludovico.
764 3499 932 3592 Quaesitus
953 3510 998 3561 est
1018 3512 1117 3585 typo-

73 3613 228 3703 graphus,
266 3621 298 3672 et
324 3616 465 3691 repertus
492 3605 637 3693 tandem,
670 3630 745 3672 cura
772 3605 951 3692 Polycarpi
977 3606 1115 3694 Lyseri,

72 3723 302 3806 Witebergae,
325 3717 381 3801 qui
400 3728 526 3801 accepta
544 3715 725 3779 conditione
745 3713 784 3777 de
803 3717 947 3776 trecentis
968 3715 1117 3798 exemplis·

75 3833 198 3898 aDuce
219 3823 410 3891 redimendis
430 3825 517 3910 typis
536 3827 598 3888 suis
618 3823 763 3907 vulgavit
777 3821 910 3906 librum,
930 3823 1114 3906 inscriptum

76 3941 164 4003 Acta
185 3944 217 3998 et
236 3930 364 4014 Scripta
387 3927 622 4014 Theologorum
650 3926 987 4012 Wrtemhergensium
1006 3937 1036 3988 et
1055 3925 1116 3987 tt:-
