2776 5124
422 409 675 474 Ancnrurrscoro
695 405 956 475 Sarrsuorcuusr.
1174 427 1210 484 81

169 572 305 635 tionem:
337 556 424 659 quod
446 596 489 638 ne
509 577 621 641 visua
642 586 776 656 careret,
805 571 1008 640 constitutrim
1027 577 1119 650 lrr'evi
1139 602 1210 674 post

165 678 221 743 firit
240 685 322 747 inter
335 679 513 748 Catholicae
533 688 647 748 arctius
667 683 791 769 foedus,
819 687 869 748 cui
890 700 920 748 et
934 685 1072 775 Langius
1086 714 1207 762 nomen

165 786 250 851 dedit
276 811 380 856 suurn.
407 828 452 846 --
484 793 568 857 Aliis
597 793 744 878 deinceps
771 797 905 856 comitiis
933 783 1007 858 eum
1033 803 1208 877 interfuisse

164 897 250 964 haud
272 916 408 969 constat:
438 901 493 966 sed
515 923 599 965 anno
620 905 781 965 tricesimo
794 914 906 984 quarto
928 904 1069 971 interfuit
1082 910 1208 986 Romae

163 1009 420 1094 eligendo‘novo
442 1009 603 1096 pontifici,
638 1008 723 1074 nude
743 1009 827 1071 hanc
847 1008 978 1074 honoris
998 1025 1209 1094 accessionem

163 1123 352 1206 reportavit,
378 1134 414 1183 ut
434 1119 474 1182 ad
496 1119 657 1184 ecclesiam
669 1116 886 1181 Albaneusem
907 1119 1073 1188 translatus
1095 1127 1210 1200 Cordi.

164 1225 243 1288 nalis
265 1227 430 1310 episcopus
450 1250 535 1293 nuuc
554 1228 750 1292 salutaretur.
793 1224 877 1289 Cum
899 1229 933 1288 in
948 1225 1123 1299 Germania
1136 1247 1210 1308 tan.

163 1330 238 1396 dem
265 1357 315 1398 res
341 1333 392 1396 ad‘
409 1358 498 1400 arma
525 1349 692 1424 spectaret,
727 1355 812 1397 anno
837 1337 995 1398 tricesimo
1022 1347 1158 1426 septimo
1180 1365 1211 1418 et
1287 1353 1289 1357 '

165 1442 232 1526 ipse
245 1442 285 1509 ad
296 1442 406 1507 foedus
419 1451 561 1532 accessit,
584 1445 669 1530 quod
683 1441 889 1508 Smalcaldico
910 1447 1091 1528 oppositum
1104 1459 1210 1519 sancti

165 1550 300 1616 foederis
326 1575 448 1617 nomen
475 1557 652 1639 usurpavit:
686 1550 741 1614 sed
763 1562 933 1634 antequam
953 1551 1111 1619 fimestnm
1133 1561 1212 1626 illud

165 1657 285 1723 bellum
314 1674 511 1751 erumperet,
545 1684 562 1726 e
592 1662 658 1724 vita
684 1663 751 1744 ipse
779 1657 916 1722 sublatus
943 1674 999 1729 est.
1047 1665 1213 1736 Exhaustis

166 1787 233 1831 uon
252 1774 392 1854 corporis
413 1774 516 1856 magis
537 1790 634 1855 quam
656 1769 755 1830 animi
773 1769 868 1828 etiam
882 1755 1003 1837 virihds
1019 1776 1107 1837 triste
1121 1798 1213 1862 spec-

167 1876 307 1939 taculum
328 1877 486 1942 humanae
507 1877 696 1964 conditionis
717 1872 796 1937 obiit
816 1897 900 1940 anno
923 1879 1172 1968 quadragesimo.

250 1983 408 2073 Superest,
429 1999 465 2049 ut
486 1985 525 2049 de
547 1984 670 2048 dotibus
692 1986 754 2049 viri
768 2003 834 2046 non
854 1983 935 2047 nihil
959 1986 1111 2055 dicamus.
1141 1994 1213 2057 Na-

168 2103 273 2156 turam
293 2097 319 2156 is
341 2108 440 2179 certe,
457 2098 496 2157 ‘si
518 2097 587 2178 quIs
609 2092 703 2179 alius,
726 2091 1047 2158 beneficentissimam
1069 2114 1213 2185 expertus
1297 2153 1300 2161 .

167 2213 223 2265 est.
272 2199 350 2264 Erat
377 2203 424 2265 illi
452 2204 570 2267 statura
598 2206 740 2288 corporis
768 2221 916 2286 procera,
952 2206 1093 2291 gracilis,
1123 2209 1216 2275 {acies

167 2312 270 2373 immo
299 2309 462 2382 formaret
489 2308 591 2397 figura
611 2315 760 2376 universa
780 2309 820 2372 ad
840 2308 1039 2377 honestatem
1060 2307 1153 2402 atque
1174 2319 1215 2382 ad

166 2417 339 2482 mirificam
368 2419 507 2505 aliquam
537 2418 721 2506 dignitatem
750 2423 925 2503 composita
952 2434 983 2484 et
1009 2430 1217 2514 gravitatem,

168 2549 267 2614 quam
289 2549 367 2594 vero
387 2527 597 2614 humanitate,
627 2523 756 2612 et,'uhi
777 2551 856 2616 opus
881 2546 978 2618 esset,
1006 2539 1153 2600 comitate
1173 2540 1216 2602 ita

168 2637 378 2722 temperabat,
407 2650 443 2700 ut
469 2637 617 2702 omnibns
638 2638 787 2723 placeret,
818 2661 929 2706 omnes
950 2645 1053 2706 insui
1074 2643 1216 2708 admira-

168 2749 290 2809 tionem
318 2757 453 2829 raperet.
495 2745 567 2808 Hac
594 2751 758 2832 comitate,
788 2747 874 2832 quod
896 2770 962 2812 non
984 2771 1080 2812 nemo
1105 2750 1217 2838 refert,
1295 2791 1307 2801 ’ν

169 2855 288 2918 factum
309 2867 370 2941 est,
396 2868 432 2915 ut
450 2876 684 2938 nonnunquam
711 2859 746 2920 in
765 2869 856 2919 coetu
875 2857 1116 2942 principum⁸ad
1137 2859 1217 2922 cho·
1291 2926 1293 2929 ,

168 2983 240 3026 reas
270 2961 471 3026 descenderet
502 2967 679 3026 amicorum
708 2967 896 3029 invitatione
927 2968 994 3050 jam
1021 2963 1217 3055 CardinaliS,

171 3073 251 3138 adeo
267 3086 375 3138 tamen
394 3074 525 3160 pudice,
546 3071 624 3135 adeo
645 3075 797 3159 graviter,
819 3086 869 3158 ut,
890 3077 965 3136 etsi
984 3072 1089 3138 vultus
1106 3081 1217 3159 gravi-

170 3195 270 3247 tatem
297 3205 450 3270 seponere
476 3171 698 3269 aliquantisper
724 3193 906 3264 conaretur,
943 3192 1048 3242 tamen
1080 3180 1133 3247 vel
1162 3186 1216 3245 in-

170 3295 239 3360 vito
259 3295 327 3378 ipsa
348 3297 410 3355 oris
427 3292 562 3378 dignitas
578 3301 758 3376 augeretur:
785 3308 866 3374 quae
880 3307 954 3348 cum
968 3291 1067 3372 grafia
1078 3289 1217 3373 quadam

173 3413 203 3466 et
221 3400 373 3486 singulari
390 3399 637 3465 mansuetudinis
654 3401 756 3483 specie
773 3397 940 3482 conjuncta
952 3393 1122 3460 mirificam
1138 3420 1217 3463 con·

172 3513 330 3574 tuentium
351 3509 448 3571 oculis
469 3510 668 3595 voluptatem
688 3504 824 3571 afferret.

178 3683 181 3686 ,
255 3616 428 3702 Ingenium
449 3638 528 3684 vero
548 3638 566 3679 a
586 3628 698 3680 natura
718 3627 826 3677 nactus
848 3625 914 3677 erat
932 3613 1148 3680 felicissimum
1169 3629 1220 3681 at-

173 3748 236 3813 que
263 3724 304 3788 ad
332 3723 490 3811 regendae
517 3723 707 3811 reipublicae
736 3725 899 3787 scientiam
926 3727 1070 3808 apprime
1099 3723 1219 3810 aptum.

175 3832 385 3898 Prudentiam
411 3835 477 3918 ejus
502 3845 533 3895 et
556 3836 591 3895 in
610 3830 703 3895 rebus
723 3830 891 3895 tractandis
912 3822 1127 3895 ddxteritatem
1147 3846 1218 3894 tan·
1302 3834 1303 3837 ’

175 3954 287 4028 topere
305 3940 464 4006 celebrant
481 3939 641 4026 aequales,
662 3953 698 4004 ut
717 3938 904 4006 mortalium
923 3944 972 4003 sui
990 3944 1062 4003 aevi
1075 3939 1220 4025 pruden-

991 4055 1010 4112 6
