2776 5124
261 428 304 506 42
533 415 738 488 Enarours
779 414 1028 482 Pasrrarro.

261 588 341 655 alius
360 582 386 651 J
387 585 451 649 uris
471 581 600 653 Doctor·
615 593 647 649 et
659 579 747 668 prof„
761 578 950 664 ordinarius,
968 578 1109 644 nominis
1123 581 1239 665 justam
1254 601 1316 645 ce-

260 695 440 763 lebritatem,
454 692 522 782 jam
542 693 608 776 jam
626 701 754 776 naeus„
766 688 870 760 Fam..
890 686 1017 760 Wlffle
1037 685 1227 776 Tumens,
1253 711 1316 754 ca·-

262 826 337 870 rum
355 801 452 888 mihi,
466 822 533 870 nec·
546 797 630 871 miht
647 798 723 887 soli,
737 819 875 872 nomen„

343 909 535 996 Intelligitis,
551 911 618 972 isto
632 918 779 993 tempore
797 926 1005 996 nequaquam-
1020 903 1205 992 dedignatos
1217 906 1317 973 titisse

263 1021 462 1107 dignitatem,
479 1040 502 1087 a
517 1015 792 1102 Phssosophoruin
804 1014 916 1080 ordine
928 1035 1009 1100 quae
1025 1014 1196 1105 confertur,
1215 1020 1315 1079 etiam

261 1134 297 1194 in
317 1133 460 1199 maxima
477 1129 708 1199 existimatione
735 1128 794 1222 qui
815 1136 921 1198 essent
936 1123 963 1190 J
964 1127 1035 1197 uris
1061 1123 1206 1190 doctores
1232 1144 1323 1210 pro-.

265 1238 474 1324 sessoresque.

345 1345 475 1415 Verum
499 1344 616 1418 latebat
642 1350 731 1418 inter·-
759 1368 825 1415 nos,
854 1341 1042 1409 candidatos
1061 1338 1318 1426 Jureconstdtus,

261 1475 414 1540 magnam
433 1453 528 1525 brevi
544 1454 679 1541 posthac·
693 1454 910 1525 celebritatem
925 1453 1105 1526 adsecutus,
1139 1449 1237 1516 Multi
1253 1474 1319 1519 ve-

216 1571 218 1576 ’
262 1577 365 1629 strum
384 1562 479 1627 facile
494 1561 685 1648 intelligunt,
705 1562 802 1649 quod,
822 1584 920 1649 quem
940 1562 1028 1648 dico,
1045 1565 1085 1626 sit
1102 1559 1233 1626 illustris
1249 1581 1318 1624 no-

179 1741 194 1758 ,
263 1685 327 1736 ster
345 1669 372 1734 J
372 1693 404 1738 o.
425 1669 621 1744 Cnnrsrrsu.
638 1670 683 1736 de
697 1671 831 1758 Marna,
842 1653 906 1756 'qui
933 1671 1068 1740 demum
1090 1679 1217 1755 peracto
1233 1667 1318 1753 legi-

262 1784 351 1868 time,
370 1801 553 1867 magnoque
572 1801 646 1843 cum
665 1798 823 1866 successu,
837 1778 1033 1865 Theologiae
1051 1776 1167 1864 studio,
1189 1797 1320 1861 nequa-

261 1910 360 1974 quam
379 1887 484 1952 taedio
502 1888 557 1956 vel
575 1887 755 1960 litterarum
772 1891 916 1976 generis,
948 1887 1001 1953 vel
1030 1889 1120 1954 vitae
1147 1884 1191 1948 ad
1216 1906 1319 1970 quam

178 2020 183 2047 ··
260 1997 340 2061 illud
361 1997 489 2063 duceret
507 2000 621 2083 sortis,
650 2009 781 2084 captus,
805 1996 862 2070 sed
882 1995 970 2082 quod
987 2017 1041 2063 res
1062 1999 1133 2082 ipsa
1157 1992 1192 2056 id
1219 1992 1321 2056 ferret

262 2106 424 2193 velletque
449 2105 562 2173 divina
586 2104 806 2191 providentia,
832 2103 929 2175 «Iuris
951 2091 1115 2176 scientiarn
1141 2102 1320 2190 amplexus,

261 2214 295 2287 id
315 2213 408 2280 b'revi
426 2212 589 2281 adsecutus
609 2224 670 2300 est,
688 2226 724 2276 ut
743 2213 831 2281 illius
846 2213 1006 2300 professor
1026 2211 1180 2298 publicus,
1206 2215 1319 2296 primo

262 2320 379 2405 Jenae,
400 2319 515 2384 deinde
532 2320 683 2384 Kiloniae
704 2326 901 2402 constitutus,
930 2343 1008 2389 mox
1027 2324 1063 2384 in
1081 2304 1221 2406 patriam
1239 2324 1319 2382 nni-

263 2428 659 2516 versitatem,Tsr1uarrr
683 2434 785 2494 nostri
807 2451 894 2494 anno
920 2433 1151 2516 septuagesimo
1178 2432 1319 2514 septimo

263 2540 384 2602 mortui
403 2534 573 2623 successor,
592 2551 778 2607 evocaretur
796 2537 1124 2612 honorificentissime,

344 2643 439 2709 Alius
459 2659 528 2710 erat
546 2649 581 2710 in
609 2645 773 2718 sodalitate
798 2660 925 2735 nostra,
959 2651 1015 2733 qui
1042 2656 1163 2717 sortem
1182 2646 1321 2715 vivendi

260 2764 371 2820 nactus
390 2765 448 2838 est,
465 2773 563 2839 quam
586 2774 691 2838 neque
719 2759 843 2818 animus
866 2754 1082 2840 praesagiebat
1110 2767 1191 2839 tum,
1211 2777 1321 2839 neque

261 2875 371 2948 postea
389 2865 457 2948 ipse
476 2865 562 2928 votis
581 2860 745 2947 expetebat
763 2866 838 2948 suis,
856 2862 882 2925 J
884 2885 914 2927 0.
933 2862 1062 2933 Lunov.
1078 2861 1321 2927 Hocusrnnna.

261 2969 340 3056 Hic,
357 2967 565 3055 probisSImus
583 2967 754 3034 hominum
772 2949 924 3056 mihique¹
937 2992 1015 3056 prae
1033 2970 1192 3036 sodalibus
1209 2984 1321 3034 caete-

262 3076 460 3165 rissemper
484 3079 682 3164 carissimus,
710 3076 889 3164 theologiae
922 3099 957 3142 se
983 3091 1089 3143 totum
1120 3099 1323 3162 omnemque

262 3184 360 3271 dedit,
380 3186 542 3272 factusque
560 3199 618 3273 est,
636 3210 782 3276 mecum,
808 3187 865 3252 sed
888 3193 1022 3273 peregre
1041 3179 1179 3272 absente,
1200 3185 1320 3272 Repe-

265 3303 334 3355 tens
352 3293 500 3380 stipendii
519 3294 627 3381 theol,
638 3308 670 3358 et
683 3317 801 3359 munus
807 3295 946 3365 Diaconi
953 3293 1217 3379 Goeppingensis,
1229 3297 1322 3379 quod

263 3422 319 3464 me
337 3399 446 3464 locum
464 3401 608 3487 faciente,
626 3405 774 3487 proximo
793 3405 854 3486 ipsi
873 3405 1015 3486 contigit,
1035 3414 1162 3487 gratum
1181 3417 1257 3466 sane
1280 3426 1321 3468 ac

262 3510 472 3594 conveniens,
490 3507 606 3573 lubens
625 3515 754 3597 recepit,
781 3514 869 3577 visus
888 3509 969 3572 mihi
987 3509 1118 3595 aliisque
1137 3522 1230 3575 natus
1248 3510 1322 3574 fac-

265 3628 380 3701 tusque
398 3614 442 3681 ad
460 3619 547 3684 vitae
558 3618 916 3705 genusecclesiasticum.
936 3615 999 3681 Sed
1011 3617 1101 3682 aliter
1108 3617 1249 3683 tulerunt
1260 3641 1323 3683 ra-

265 3730 368 3788 tiones
388 3722 587 3791 domesticae.
625 3723 796 3795 Ahdicavit
812 3746 847 3790 se
864 3745 999 3788 munere
1017 3708 1231 3816 vix'recepto,
1255 3749 1322 3813 pa-

263 3845 399 3917 truoque
418 3853 451 3895 se
469 3832 611 3918 adjunxit
635 3846 706 3897 tum
724 3831 844 3919 Legato
856 3894 859 3898 ,
872 3836 955 3919 regis
974 3831 1142 3897 Borussiae
1168 3833 1209 3896 ad
1239 3833 1322 3899 Cir-

264 3937 372 4001 culum
390 3938 584 4008 Rhenanam
604 3945 810 4028 superiorem,
831 3938 903 4002 huic
922 3959 1080 4004 successor
1100 3939 1191 4004 datus
1217 3954 1250 4013 et
1280 3943 1319 4006 id
