2776 5124
438 437 570 506 Gmrcn
587 459 624 508 rr
644 437 800 505 Joarorcn
819 438 958 510 Domus.
1153 451 1210 514 105
1249 510 1253 514 .

162 606 338 692 novennis,
369 606 424 690 qui
449 601 581 691 abhinc,
613 625 826 692 peromnem
852 625 944 670 suam
966 608 1084 695 vitam,
1116 631 1212 694 prae-

162 724 327 799 ceptorem
346 733 413 777 non
432 712 494 775 alio
516 732 612 798 quam
631 715 746 798 optimi
765 718 903 799 parentis
921 713 993 777 loco
1014 715 1132 782 habuit.

249 824 379 889 Aurelii
395 829 430 889 in
440 823 621 909 Biturigum
634 820 748 886 urbem
765 820 939 906 (Bourges)
959 820 1210 908 alliorgaretlra

169 928 314 1019 lindesia,
341 933 515 995 Navarrae
541 931 673 1017 regina,
703 952 783 1016 quae
809 927 848 990 ab
872 929 1053 1019 evangelica
1073 929 1215 995 doctrina

163 1037 251 1102 haud
271 1040 372 1105 aliena
393 1051 486 1125 esset,
509 1051 657 1106 evocatus
677 1051 722 1103 est
734 1037 920 1102 Volmarius
939 1039 1071 1103 honesto
1091 1046 1214 1128 stipen-

164 1146 219 1211 dio
240 1149 281 1211 ad
301 1169 427 1236 graecas
447 1148 563 1212 litteras
583 1148 707 1235 publice
722 1145 924 1234 profitendas
964 1147 1041 1210 Erat
1054 1161 1124 1246 tupn
1139 1172 1214 1213 aca-

165 1254 292 1321 demiae
305 1259 506 1322 Bituricensis
525 1276 700 1342 permagna
719 1255 895 1341 celebritas,
916 1254 1001 1340 quod
1022 1261 1056 1319 in
1077 1280 1113 1322 ea
1129 1281 1215 1325 nunc

166 1362 294 1428 doceret
313 1366 571 1453 Jureconsultus,
601 1387 675 1431 suae
702 1367 807 1429 aetatis
834 1363 923 1427 facile
948 1367 1109 1454 princeps,
1136 1369 1212 1431 An.

166 1478 264 1540 ἄνειπε
290 1473 465 1561 Alcimus„
503 1465 558 1539 Ad
585 1474 670 1537 hunc
690 1471 882 1536 audiendum
903 1493 977 1534 cum
997 1479 1093 1538 etiam
1114 1477 1216 1546 adve-

164 1586 264 1650 nisset
284 1583 331 1644 Jo.
356 1582 529 1671 Calvinus,
550 1567 722 1647 amicitiam
741 1585 811 1646 iniit
830 1604 904 1644 cum
922 1583 1108 1672 Volmari0,
1126 1593 1216 1674 ipso-

168 1713 231 1778 que
258 1705 384 1755 auctore
404 1704 497 1778 atque
520 1698 615 1756 etiam
636 1693 778 1778 adjutore
798 1712 922 1777 graecas
940 1691 1056 1758 litteras
1075 1696 1215 1765 discendi

165 1804 294 1864 initium
313 1799 399 1882 fecit;
427 1806 535 1886 utique
555 1800 617 1864 hoc
638 1801 784 1887 consilio,
805 1813 840 1863 ut
857 1805 1018 1865 saniorem
1036 1803 1216 1872 doctrinam

166 1911 370 1974 christianam
397 1933 447 1979 eu⁴
462 1915 530 1997 ipso
558 1911 646 1981 fonte
670 1909 797 1973 haurire
817 1923 935 1994 posset:
965 1916 1051 1998 cujus
1071 1915 1216 1982 beneficii

166 2022 360 2083 memoriam
381 2032 486 2106 gratus
506 2024 621 2106 tenuit,
644 2031 675 2082 et
694 2016 819 2102 publice
837 2018 967 2102 posthac
988 2034 1128 2086 testatam
1150 2049 1224 2091 esso

167 2127 271 2194 voluit
295 2125 457 2194 Calvinus.
508 2129 693 2192 Volmarius
720 2128 805 2212 ipse,
841 2125 919 2188 dum
947 2150 1072 2214 graecas
1098 2133 1216 2200 litteras

166 2234 329 2300 aliis-cum
347 2237 439 2300 laude
459 2236 606 2316 traderet,
640 2245 819 2321 persecutus
839 2234 977 2298 studium
995 2238 1215 2325 jurispruden-

165 2347 245 2431 tiae,
264 2344 378 2407 Alciati
396 2344 512 2429 judicio
532 2345 640 2430 legum
659 2342 770 2406 doctor
790 2355 837 2406 est
856 2357 985 2411 creatus.

250 2452 414 2516 Retractus
447 2472 594 2515 asocero
624 2473 662 2514 ex
683 2448 788 2514 Gallia
813 2455 847 2513 in
870 2449 1096 2542 Germaniam,
1130 2481 1221 2524 anno*

169 2565 248 2627 1535
265 2559 412 2626 Calendis
428 2562 523 2646 Majis
544 2560 693 2627 valedixit
707 2559 918 2648 BiturigIlrus,
939 2575 1033 2649 atque
1052 2570 1111 2629 iter
1125 2568 1215 2655 Lug-

167 2671 290 2734 dunum
311 2692 419 2736 versus
438 2673 594 2756 ingressus
614 2682 675 2748 est3
702 2673 875 2752 aegerrime
896 2692 1023 2754 passus,
1047 2694 1140 2737 suum
1161 2677 1215 2742 abs

165 2800 200 2843 se
220 2778 338 2842 Bezam
358 2777 484 2864 divelli,
505 2782 560 2863 qui
579 2790 611 2842 et
629 2783 696 2863 ipse
714 2776 794 2841 nihil
806 2783 907 2869 magis
923 2785 958 2842 in
975 2786 1056 2845 votis
1072 2781 1215 2871 habebat,
1322 2799 1326 2810 “

166 2908 264 2972 quam
288 2898 531 2972 praeceptorem
553 2890 588 2952 in
609 2884 819 2954 Germaniam
840 2892 1005 2975 prosequi,
1034 2893 1060 2953 si
1080 2912 1138 2976 per
1157 2914 1215 2979 pa-

165 3012 250 3062 trem
273 2996 418 3062 licuisset.
633 2995 635 2999 ’

249 3104 432 3192 Tubingam
456 3108 542 3173 venit
563 3102 677 3168 eodem
697 3125 782 3167 anno
803 3103 977 3186 (tricesimo
1001 3106 1145 3194 quinto),
1175 3108 1214 3172 ab

172 3214 282 3278 Uirieo
310 3214 421 3302 Duce,
461 3217 547 3299 cujus
577 3233 692 3299 magna
722 3226 792 3274 tum
827 3234 901 3276 cura
933 3228 998 3278 erat
1025 3213 1216 3280 Academiae

166 3342 241 3386 suae
261 3321 511 3409 constituendae,
532 3335 562 3386 et
582 3325 738 3406 magistris
760 3319 921 3386 doctrinae
940 3321 1026 3388 fami
1047 3323 1137 3388 clarIs
1160 3347 1216 3389 or-

166 3429 301 3516 nandae,
321 3433 483 3496 invitatus:
508 3429 592 3516 quod
614 3451 754 3514 quonam
781 3443 909 3494 auctore
926 3431 979 3496 vel
992 3431 1135 3516 adjutore
1150 3432 1218 3496 fac-

167 3551 237 3601 tum
256 3542 310 3622 sit,
331 3536 555 3602 etiamsi'haud
573 3548 707 3614 constet3
729 3540 784 3599 vix
798 3549 907 3600 tamen
925 3545 1120 3624 putaverim,
1142 3541 1218 3604 lon-

168 3652 237 3732 gius
256 3668 331 3708 eum
352 3643 393 3706 ab
411 3666 488 3710 vero
510 3645 674 3731 aberrare,
707 3647 761 3728 qui
783 3643 911 3733 dixerit,
938 3653 1120 3733 praecipuas
1140 3670 1218 3732 par-

168 3767 213 3817 tes
234 3775 270 3816 ea
290 3757 324 3814 in
343 3775 380 3815 re
399 3753 494 3817 fuisse
511 3750 649 3815 Simonis
669 3751 817 3837 Grynaei
835 3765 867 3816 et
880 3752 1050 3816 Ambrosii
1063 3752 1198 3814 Bloreri
1207 3804 1216 3839 ,

168 3882 248 3946 quos
269 3864 410 3946 primum
431 3861 470 3924 ad
491 3859 694 3924 reficiendam
713 3859 853 3924 scholam
874 3861 913 3925 ab
930 3860 1041 3924 Ulrico
1062 3858 1216 3926 adhibitus

167 3970 261 4037 i'uisse
287 3973 447 4039 novimus.
490 3968 622 4036 Certum
642 3981 687 4034 est
706 3967 783 4056 hoc,
812 3967 898 4054 quod
920 3964 1046 4030 Paulus
1066 3963 1214 4054 Phrygio
1317 4028 1321 4043 ,
