<?xml version="1.0" encoding="UTF-8"?>
<!DOCTYPE html PUBLIC "-//W3C//DTD XHTML 1.0 Transitional//EN"
    "http://www.w3.org/TR/xhtml1/DTD/xhtml1-transitional.dtd">
<html xmlns="http://www.w3.org/1999/xhtml" xml:lang="en" lang="en">
 <head>
  <title>
</title>
<meta http-equiv="Content-Type" content="text/html;charset=utf-8" />
  <meta name='ocr-system' content='tesseract 3.04.00' />
  <meta name='ocr-capabilities' content='ocr_page ocr_carea ocr_par ocr_line ocrx_word'/>
</head>
<body>
  <div class='ocr_page' id='page_1' title='image "./dchristianifrid00schngoog_0249.png"; bbox 0 0 2776 5124; ppageno 0'>
   <div class='ocr_carea' id='block_1_1' title="bbox 233 420 974 512">
    <p class='ocr_par' dir='ltr' id='par_1_1' title="bbox 233 420 974 512">
     <span class='ocr_line' id='line_1_1' title="bbox 233 420 974 512; baseline -0.005 -23"><span class='ocrx_word' id='word_1_1' title='bbox 233 428 297 501; x_wconf 75' lang='lat'><strong>248</strong></span> <span class='ocrx_word' id='word_1_2' title='bbox 542 420 693 488; x_wconf 79' lang='lat' dir='ltr'><strong>Lnteuu</strong></span> <span class='ocrx_word' id='word_1_3' title='bbox 713 441 809 512; x_wconf 64' lang='lat' dir='ltr'><strong>anu.</strong></span> <span class='ocrx_word' id='word_1_4' title='bbox 831 440 974 486; x_wconf 80' lang='lat' dir='ltr'><strong>urrarras</strong></span> 
     </span>
    </p>
   </div>
   <div class='ocr_carea' id='block_1_2' title="bbox 126 585 1288 3928">
    <p class='ocr_par' dir='ltr' id='par_1_2' title="bbox 126 585 1288 3928">
     <span class='ocr_line' id='line_1_2' title="bbox 317 585 1286 679; baseline 0.006 -27"><span class='ocrx_word' id='word_1_5' title='bbox 317 585 449 652; x_wconf 76' lang='lat' dir='ltr'><strong>Constat</strong></span> <span class='ocrx_word' id='word_1_6' title='bbox 463 587 581 672; x_wconf 85' lang='lat' dir='ltr'>quippe</span> <span class='ocrx_word' id='word_1_7' title='bbox 595 588 677 650; x_wconf 90' lang='lat' dir='ltr'><strong>inter</strong></span> <span class='ocrx_word' id='word_1_8' title='bbox 691 607 819 679; x_wconf 80' lang='lat' dir='ltr'><strong>omnes,</strong></span> <span class='ocrx_word' id='word_1_9' title='bbox 837 586 876 653; x_wconf 89' lang='lat' dir='ltr'><strong>ad</strong></span> <span class='ocrx_word' id='word_1_10' title='bbox 892 585 1099 656; x_wconf 78' lang='lat' dir='ltr'><strong>exercendam</strong></span> <span class='ocrx_word' id='word_1_11' title='bbox 1116 602 1181 658; x_wconf 79' lang='lat' dir='ltr'><strong>vet.</strong></span> <span class='ocrx_word' id='word_1_12' title='bbox 1194 587 1286 658; x_wconf 85' lang='lat' dir='ltr'><strong>Test.</strong></span> 
     </span>
     <span class='ocr_line' id='line_1_3' title="bbox 232 698 1286 785; baseline 0.002 -25"><span class='ocrx_word' id='word_1_13' title='bbox 232 698 389 781; x_wconf 83' lang='lat' dir='ltr'><strong>criticam,</strong></span> <span class='ocrx_word' id='word_1_14' title='bbox 409 716 490 780; x_wconf 91' lang='lat' dir='ltr'><strong>quae</strong></span> <span class='ocrx_word' id='word_1_15' title='bbox 510 705 618 758; x_wconf 91' lang='lat' dir='ltr'><strong>nostro</strong></span> <span class='ocrx_word' id='word_1_16' title='bbox 638 698 823 780; x_wconf 88' lang='lat' dir='ltr'><strong>praesertim</strong></span> <span class='ocrx_word' id='word_1_17' title='bbox 843 715 925 761; x_wconf 89' lang='lat' dir='ltr'><strong>aevo</strong></span> <span class='ocrx_word' id='word_1_18' title='bbox 944 707 1109 781; x_wconf 84' lang='lat' dir='ltr'><strong>tantopere</strong></span> <span class='ocrx_word' id='word_1_19' title='bbox 1129 701 1286 785; x_wconf 82' lang='lat' dir='ltr'><strong>agitatur,</strong></span> 
     </span>
     <span class='ocr_line' id='line_1_4' title="bbox 230 801 1288 892; baseline 0.002 -25"><span class='ocrx_word' id='word_1_20' title='bbox 230 817 354 892; x_wconf 83' lang='lat' dir='ltr'><strong>praeter</strong></span> <span class='ocrx_word' id='word_1_21' title='bbox 380 803 484 867; x_wconf 73' lang='lat' dir='ltr'><strong>libros</strong></span> <span class='ocrx_word' id='word_1_22' title='bbox 505 814 603 867; x_wconf 84' lang='lat' dir='ltr'><strong>mstos</strong></span> <span class='ocrx_word' id='word_1_23' title='bbox 629 806 775 889; x_wconf 90' lang='lat' dir='ltr'><strong>antiquos</strong></span> <span class='ocrx_word' id='word_1_24' title='bbox 799 805 834 867; x_wconf 90' lang='lat' dir='ltr'><strong>in</strong></span> <span class='ocrx_word' id='word_1_25' title='bbox 861 801 1037 866; x_wconf 89' lang='lat' dir='ltr'><strong>subsidium</strong></span> <span class='ocrx_word' id='word_1_26' title='bbox 1057 810 1167 870; x_wconf 81' lang='lat' dir='ltr'><strong>vocari</strong></span> <span class='ocrx_word' id='word_1_27' title='bbox 1185 826 1288 891; x_wconf 90' lang='lat' dir='ltr'><strong>prae-</strong></span> 
     </span>
     <span class='ocr_line' id='line_1_5' title="bbox 230 908 1286 1000; baseline -0.001 -23"><span class='ocrx_word' id='word_1_28' title='bbox 230 917 323 1000; x_wconf 82' lang='lat' dir='ltr'><strong>cipue</strong></span> <span class='ocrx_word' id='word_1_29' title='bbox 344 917 506 980; x_wconf 82' lang='lat' dir='ltr'><strong>versiones</strong></span> <span class='ocrx_word' id='word_1_30' title='bbox 528 908 684 998; x_wconf 74' lang='lat' dir='ltr'><strong>Graecas,</strong></span> <span class='ocrx_word' id='word_1_31' title='bbox 706 908 893 999; x_wconf 78' lang='lat' dir='ltr'><strong>Syriacam,</strong></span> <span class='ocrx_word' id='word_1_32' title='bbox 914 908 1135 1000; x_wconf 86' lang='lat' dir='ltr'><strong>Chaldaicam,</strong></span> <span class='ocrx_word' id='word_1_33' title='bbox 1154 910 1286 1000; x_wconf 88' lang='lat' dir='ltr'><strong>Vulga-</strong></span> 
     </span>
     <span class='ocr_line' id='line_1_6' title="bbox 231 1017 1286 1109; baseline 0.001 -23"><span class='ocrx_word' id='word_1_34' title='bbox 231 1034 315 1106; x_wconf 88' lang='lat' dir='ltr'><strong>tam,</strong></span> <span class='ocrx_word' id='word_1_35' title='bbox 336 1020 425 1105; x_wconf 88' lang='lat' dir='ltr'><strong>alias,</strong></span> <span class='ocrx_word' id='word_1_36' title='bbox 449 1039 531 1104; x_wconf 89' lang='lat' dir='ltr'><strong>quae</strong></span> <span class='ocrx_word' id='word_1_37' title='bbox 550 1041 589 1083; x_wconf 83' lang='lat' dir='ltr'><strong>ex</strong></span> <span class='ocrx_word' id='word_1_38' title='bbox 609 1023 711 1104; x_wconf 89' lang='lat' dir='ltr'><strong>prisca</strong></span> <span class='ocrx_word' id='word_1_39' title='bbox 729 1023 912 1109; x_wconf 82' lang='lat' dir='ltr'><strong>antiquitate</strong></span> <span class='ocrx_word' id='word_1_40' title='bbox 932 1017 973 1085; x_wconf 87' lang='lat' dir='ltr'><strong>ad</strong></span> <span class='ocrx_word' id='word_1_41' title='bbox 991 1040 1052 1101; x_wconf 88' lang='lat' dir='ltr'><strong>nos</strong></span> <span class='ocrx_word' id='word_1_42' title='bbox 1072 1018 1286 1088; x_wconf 90' lang='lat' dir='ltr'><strong>devenerunt.</strong></span> 
     </span>
     <span class='ocr_line' id='line_1_7' title="bbox 228 1126 1285 1214; baseline 0.002 -22"><span class='ocrx_word' id='word_1_43' title='bbox 228 1126 336 1214; x_wconf 87' lang='lat' dir='ltr'><strong>Atque</strong></span> <span class='ocrx_word' id='word_1_44' title='bbox 359 1133 442 1194; x_wconf 89' lang='lat' dir='ltr'><strong>inter</strong></span> <span class='ocrx_word' id='word_1_45' title='bbox 461 1126 517 1192; x_wconf 85' lang='lat' dir='ltr'><strong>has</strong></span> <span class='ocrx_word' id='word_1_46' title='bbox 537 1130 659 1214; x_wconf 90' lang='lat' dir='ltr'><strong>primus</strong></span> <span class='ocrx_word' id='word_1_47' title='bbox 677 1127 781 1213; x_wconf 86' lang='lat' dir='ltr'><strong>locus,</strong></span> <span class='ocrx_word' id='word_1_48' title='bbox 812 1129 977 1193; x_wconf 87' lang='lat' dir='ltr'><strong>communi</strong></span> <span class='ocrx_word' id='word_1_49' title='bbox 997 1131 1147 1194; x_wconf 91' lang='lat' dir='ltr'><strong>omnium</strong></span> <span class='ocrx_word' id='word_1_50' title='bbox 1165 1129 1285 1194; x_wconf 79' lang='lat' dir='ltr'><strong>sullia-</strong></span> 
     </span>
     <span class='ocr_line' id='line_1_8' title="bbox 228 1234 1286 1323; baseline 0.004 -25"><span class='ocrx_word' id='word_1_51' title='bbox 228 1241 298 1323; x_wconf 86' lang='lat' dir='ltr'><strong>gio,</strong></span> <span class='ocrx_word' id='word_1_52' title='bbox 326 1239 501 1323; x_wconf 85' lang='lat' dir='ltr'><strong>assignatur</strong></span> <span class='ocrx_word' id='word_1_53' title='bbox 528 1234 589 1322; x_wconf 89' lang='lat' dir='ltr'><strong>illi,</strong></span> <span class='ocrx_word' id='word_1_54' title='bbox 618 1256 699 1322; x_wconf 90' lang='lat' dir='ltr'><strong>quae</strong></span> <span class='ocrx_word' id='word_1_55' title='bbox 723 1257 743 1300; x_wconf 90' lang='lat' dir='ltr'><strong>a</strong></span> <span class='ocrx_word' id='word_1_56' title='bbox 762 1234 859 1303; x_wconf 81' lang='lat' dir='ltr'><strong>LXX</strong></span> <span class='ocrx_word' id='word_1_57' title='bbox 879 1235 1055 1304; x_wconf 88' lang='lat' dir='ltr'><strong>senioribus</strong></span> <span class='ocrx_word' id='word_1_58' title='bbox 1075 1259 1199 1304; x_wconf 87' lang='lat' dir='ltr'><strong>nornen</strong></span> <span class='ocrx_word' id='word_1_59' title='bbox 1218 1237 1286 1302; x_wconf 88' lang='lat' dir='ltr'><strong>ha-</strong></span> 
     </span>
     <span class='ocr_line' id='line_1_9' title="bbox 226 1341 1285 1433; baseline 0.004 -25"><span class='ocrx_word' id='word_1_60' title='bbox 226 1343 296 1431; x_wconf 88' lang='lat' dir='ltr'><strong>bet,</strong></span> <span class='ocrx_word' id='word_1_61' title='bbox 331 1348 444 1408; x_wconf 88' lang='lat' dir='ltr'><strong>rectius</strong></span> <span class='ocrx_word' id='word_1_62' title='bbox 471 1341 708 1409; x_wconf 85' lang='lat' dir='ltr'><strong>Alexandrinae</strong></span> <span class='ocrx_word' id='word_1_63' title='bbox 735 1348 869 1412; x_wconf 90' lang='lat' dir='ltr'><strong>nomine</strong></span> <span class='ocrx_word' id='word_1_64' title='bbox 897 1345 1134 1433; x_wconf 84' lang='lat' dir='ltr'><strong>compellanda,</strong></span> <span class='ocrx_word' id='word_1_65' title='bbox 1169 1359 1285 1432; x_wconf 85' lang='lat' dir='ltr'><strong>utpote</strong></span> 
     </span>
     <span class='ocr_line' id='line_1_10' title="bbox 226 1452 1286 1539; baseline 0 -20"><span class='ocrx_word' id='word_1_66' title='bbox 226 1456 376 1519; x_wconf 89' lang='lat' dir='ltr'><strong>omnium</strong></span> <span class='ocrx_word' id='word_1_67' title='bbox 396 1454 612 1538; x_wconf 81' lang='lat' dir='ltr'><strong>antiquIssima</strong></span> <span class='ocrx_word' id='word_1_68' title='bbox 631 1464 677 1518; x_wconf 86' lang='lat' dir='ltr'><strong>est</strong></span> <span class='ocrx_word' id='word_1_69' title='bbox 697 1466 728 1518; x_wconf 91' lang='lat' dir='ltr'><strong>et</strong></span> <span class='ocrx_word' id='word_1_70' title='bbox 746 1453 854 1519; x_wconf 90' lang='lat' dir='ltr'><strong>multis</strong></span> <span class='ocrx_word' id='word_1_71' title='bbox 873 1455 941 1539; x_wconf 85' lang='lat' dir='ltr'><strong>jam</strong></span> <span class='ocrx_word' id='word_1_72' title='bbox 959 1465 1033 1521; x_wconf 86' lang='lat' dir='ltr'><strong>ante</strong></span> <span class='ocrx_word' id='word_1_73' title='bbox 1053 1467 1166 1520; x_wconf 90' lang='lat' dir='ltr'><strong>natum</strong></span> <span class='ocrx_word' id='word_1_74' title='bbox 1181 1452 1286 1520; x_wconf 88' lang='lat' dir='ltr'><strong>Chri-</strong></span> 
     </span>
     <span class='ocr_line' id='line_1_11' title="bbox 224 1560 1285 1650; baseline -0.001 -23"><span class='ocrx_word' id='word_1_75' title='bbox 224 1575 310 1627; x_wconf 90' lang='lat' dir='ltr'><strong>stum</strong></span> <span class='ocrx_word' id='word_1_76' title='bbox 336 1564 429 1626; x_wconf 90' lang='lat' dir='ltr'><strong>annis</strong></span> <span class='ocrx_word' id='word_1_77' title='bbox 453 1563 653 1626; x_wconf 80' lang='lat' dir='ltr'><strong>concinnata.</strong></span> <span class='ocrx_word' id='word_1_78' title='bbox 700 1560 792 1627; x_wconf 87' lang='lat' dir='ltr'><strong>Haec</strong></span> <span class='ocrx_word' id='word_1_79' title='bbox 812 1564 925 1650; x_wconf 86' lang='lat' dir='ltr'><strong>igitur,</strong></span> <span class='ocrx_word' id='word_1_80' title='bbox 954 1574 1042 1627; x_wconf 86' lang='lat' dir='ltr'><strong>tanta</strong></span> <span class='ocrx_word' id='word_1_81' title='bbox 1061 1583 1118 1628; x_wconf 83' lang='lat' dir='ltr'><strong>sua</strong></span> <span class='ocrx_word' id='word_1_82' title='bbox 1138 1567 1285 1650; x_wconf 84' lang='lat' dir='ltr'><strong>antiqui-</strong></span> 
     </span>
     <span class='ocr_line' id='line_1_12' title="bbox 223 1667 1287 1761; baseline 0.003 -27"><span class='ocrx_word' id='word_1_83' title='bbox 223 1682 286 1734; x_wconf 85' lang='lat' dir='ltr'><strong>tate</strong></span> <span class='ocrx_word' id='word_1_84' title='bbox 313 1668 522 1756; x_wconf 81' lang='lat' dir='ltr'><strong>venerabilis,</strong></span> <span class='ocrx_word' id='word_1_85' title='bbox 556 1668 740 1756; x_wconf 86' lang='lat' dir='ltr'><strong>dignissima</strong></span> <span class='ocrx_word' id='word_1_86' title='bbox 767 1667 958 1759; x_wconf 87' lang='lat' dir='ltr'><strong>plerumque</strong></span> <span class='ocrx_word' id='word_1_87' title='bbox 984 1684 1164 1761; x_wconf 87' lang='lat' dir='ltr'><strong>reputatur,</strong></span> <span class='ocrx_word' id='word_1_88' title='bbox 1198 1694 1287 1759; x_wconf 90' lang='lat' dir='ltr'><strong>quae</strong></span> 
     </span>
     <span class='ocr_line' id='line_1_13' title="bbox 225 1776 1285 1867; baseline 0.005 -28"><span class='ocrx_word' id='word_1_89' title='bbox 225 1799 302 1840; x_wconf 88' lang='lat' dir='ltr'><strong>cum</strong></span> <span class='ocrx_word' id='word_1_90' title='bbox 322 1776 458 1841; x_wconf 90' lang='lat' dir='ltr'><strong>hebraeo</strong></span> <span class='ocrx_word' id='word_1_91' title='bbox 479 1776 589 1840; x_wconf 85' lang='lat' dir='ltr'><strong>codice</strong></span> <span class='ocrx_word' id='word_1_92' title='bbox 607 1776 772 1859; x_wconf 87' lang='lat' dir='ltr'><strong>contendi,</strong></span> <span class='ocrx_word' id='word_1_93' title='bbox 794 1780 923 1864; x_wconf 85' lang='lat' dir='ltr'><strong>ejusque</strong></span> <span class='ocrx_word' id='word_1_94' title='bbox 942 1800 1017 1843; x_wconf 88' lang='lat' dir='ltr'><strong>cum</strong></span> <span class='ocrx_word' id='word_1_95' title='bbox 1035 1783 1209 1867; x_wconf 90' lang='lat' dir='ltr'><strong>quicquam</strong></span> <span class='ocrx_word' id='word_1_96' title='bbox 1229 1780 1285 1846; x_wconf 89' lang='lat' dir='ltr'><strong>la-</strong></span> 
     </span>
     <span class='ocr_line' id='line_1_14' title="bbox 224 1883 1285 1974; baseline 0.007 -26"><span class='ocrx_word' id='word_1_97' title='bbox 224 1883 274 1948; x_wconf 90' lang='lat' dir='ltr'><strong>bis</strong></span> <span class='ocrx_word' id='word_1_98' title='bbox 303 1885 480 1972; x_wconf 77' lang='lat' dir='ltr'><strong>admIserit,</strong></span> <span class='ocrx_word' id='word_1_99' title='bbox 513 1884 706 1950; x_wconf 90' lang='lat' dir='ltr'><strong>emendandi</strong></span> <span class='ocrx_word' id='word_1_100' title='bbox 731 1884 804 1951; x_wconf 79' lang='lat' dir='ltr'><strong>fona</strong></span> <span class='ocrx_word' id='word_1_101' title='bbox 830 1900 862 1952; x_wconf 91' lang='lat' dir='ltr'><strong>et</strong></span> <span class='ocrx_word' id='word_1_102' title='bbox 888 1909 1005 1952; x_wconf 89' lang='lat' dir='ltr'><strong>norma</strong></span> <span class='ocrx_word' id='word_1_103' title='bbox 1032 1885 1142 1951; x_wconf 79' lang='lat' dir='ltr'><strong>haberi</strong></span> <span class='ocrx_word' id='word_1_104' title='bbox 1169 1895 1285 1974; x_wconf 81' lang='lat' dir='ltr'><strong>possit.</strong></span> 
     </span>
     <span class='ocr_line' id='line_1_15' title="bbox 223 1995 1284 2083; baseline -0.001 -22"><span class='ocrx_word' id='word_1_105' title='bbox 223 1996 330 2080; x_wconf 91' lang='lat' dir='ltr'><strong>Hinc,</strong></span> <span class='ocrx_word' id='word_1_106' title='bbox 351 2010 386 2059; x_wconf 90' lang='lat' dir='ltr'><strong>ut</strong></span> <span class='ocrx_word' id='word_1_107' title='bbox 405 2009 527 2061; x_wconf 89' lang='lat' dir='ltr'><strong>taceam</strong></span> <span class='ocrx_word' id='word_1_108' title='bbox 548 1997 640 2059; x_wconf 86' lang='lat' dir='ltr'><strong>illurn</strong></span> <span class='ocrx_word' id='word_1_109' title='bbox 658 1999 828 2083; x_wconf 83' lang='lat' dir='ltr'><strong>superioris</strong></span> <span class='ocrx_word' id='word_1_110' title='bbox 847 1999 954 2061; x_wconf 87' lang='lat' dir='ltr'><strong>aetatis</strong></span> <span class='ocrx_word' id='word_1_111' title='bbox 973 1998 1128 2083; x_wconf 88' lang='lat' dir='ltr'><strong>criticum,</strong></span> <span class='ocrx_word' id='word_1_112' title='bbox 1147 1995 1284 2066; x_wconf 87' lang='lat' dir='ltr'><strong>Ludov.</strong></span> 
     </span>
     <span class='ocr_line' id='line_1_16' title="bbox 225 2103 1282 2192; baseline 0 -23"><span class='ocrx_word' id='word_1_113' title='bbox 225 2104 409 2192; x_wconf 88' lang='lat' dir='ltr'><strong>Capellum,</strong></span> <span class='ocrx_word' id='word_1_114' title='bbox 442 2127 505 2190; x_wconf 90' lang='lat' dir='ltr'><strong>quo</strong></span> <span class='ocrx_word' id='word_1_115' title='bbox 532 2103 598 2168; x_wconf 81' lang='lat' dir='ltr'><strong>fere</strong></span> <span class='ocrx_word' id='word_1_116' title='bbox 623 2104 730 2168; x_wconf 87' lang='lat' dir='ltr'><strong>nullus</strong></span> <span class='ocrx_word' id='word_1_117' title='bbox 757 2103 817 2168; x_wconf 89' lang='lat' dir='ltr'><strong>bac</strong></span> <span class='ocrx_word' id='word_1_118' title='bbox 842 2107 877 2168; x_wconf 90' lang='lat' dir='ltr'><strong>in</strong></span> <span class='ocrx_word' id='word_1_119' title='bbox 902 2106 1041 2185; x_wconf 83' lang='lat' dir='ltr'><strong>materia</strong></span> <span class='ocrx_word' id='word_1_120' title='bbox 1060 2106 1178 2188; x_wconf 85' lang='lat' dir='ltr'><strong>majori</strong></span> <span class='ocrx_word' id='word_1_121' title='bbox 1200 2127 1282 2169; x_wconf 91' lang='lat' dir='ltr'><strong>cum</strong></span> 
     </span>
     <span class='ocr_line' id='line_1_17' title="bbox 147 2210 1283 2306; baseline -0.002 -27"><span class='ocrx_word' id='word_1_122' title='bbox 147 2253 150 2259; x_wconf 93' lang='lat'>·</span> <span class='ocrx_word' id='word_1_123' title='bbox 223 2213 329 2306; x_wconf 81' lang='lat' dir='ltr'><strong>studio</strong></span> <span class='ocrx_word' id='word_1_124' title='bbox 355 2227 496 2282; x_wconf 87' lang='lat' dir='ltr'><strong>versatus</strong></span> <span class='ocrx_word' id='word_1_125' title='bbox 521 2211 597 2299; x_wconf 83' lang='lat' dir='ltr'><strong>fint,</strong></span> <span class='ocrx_word' id='word_1_126' title='bbox 627 2211 719 2298; x_wconf 90' lang='lat' dir='ltr'><strong>hinc,</strong></span> <span class='ocrx_word' id='word_1_127' title='bbox 746 2215 894 2299; x_wconf 82' lang='lat' dir='ltr'><strong>inquam,</strong></span> <span class='ocrx_word' id='word_1_128' title='bbox 922 2210 1037 2278; x_wconf 83' lang='lat' dir='ltr'><strong>videtis</strong></span> <span class='ocrx_word' id='word_1_129' title='bbox 1058 2214 1161 2274; x_wconf 88' lang='lat' dir='ltr'><strong>nostri</strong></span> <span class='ocrx_word' id='word_1_130' title='bbox 1181 2233 1283 2298; x_wconf 86' lang='lat' dir='ltr'><strong>prae-</strong></span> 
     </span>
     <span class='ocr_line' id='line_1_18' title="bbox 126 2317 1281 2409; baseline -0.005 -18"><span class='ocrx_word' id='word_1_131' title='bbox 126 2332 128 2335; x_wconf 77' lang='grc'>’</span> <span class='ocrx_word' id='word_1_132' title='bbox 220 2329 332 2391; x_wconf 88' lang='lat' dir='ltr'><strong>sertim</strong></span> <span class='ocrx_word' id='word_1_133' title='bbox 359 2324 511 2407; x_wconf 85' lang='lat' dir='ltr'><strong>temporis</strong></span> <span class='ocrx_word' id='word_1_134' title='bbox 535 2323 658 2385; x_wconf 90' lang='lat' dir='ltr'><strong>criticos</strong></span> <span class='ocrx_word' id='word_1_135' title='bbox 679 2341 807 2409; x_wconf 82' lang='lat' dir='ltr'><strong>semper</strong></span> <span class='ocrx_word' id='word_1_136' title='bbox 825 2319 891 2386; x_wconf 86' lang='lat' dir='ltr'><strong>fere</strong></span> <span class='ocrx_word' id='word_1_137' title='bbox 910 2320 946 2384; x_wconf 89' lang='lat' dir='ltr'><strong>in</strong></span> <span class='ocrx_word' id='word_1_138' title='bbox 966 2339 1022 2382; x_wconf 92' lang='lat' dir='ltr'><strong>ore</strong></span> <span class='ocrx_word' id='word_1_139' title='bbox 1043 2317 1160 2383; x_wconf 81' lang='lat' dir='ltr'><strong>habere</strong></span> <span class='ocrx_word' id='word_1_140' title='bbox 1180 2343 1281 2407; x_wconf 83' lang='lat' dir='ltr'><strong>grae-</strong></span> 
     </span>
     <span class='ocr_line' id='line_1_19' title="bbox 223 2424 1283 2515; baseline -0.001 -18"><span class='ocrx_word' id='word_1_141' title='bbox 223 2456 296 2497; x_wconf 89' lang='lat' dir='ltr'><strong>cam</strong></span> <span class='ocrx_word' id='word_1_142' title='bbox 315 2432 405 2496; x_wconf 90' lang='lat' dir='ltr'><strong>illam</strong></span> <span class='ocrx_word' id='word_1_143' title='bbox 426 2433 623 2510; x_wconf 76' lang='lat' dir='ltr'><strong>versionem,</strong></span> <span class='ocrx_word' id='word_1_144' title='bbox 649 2429 827 2515; x_wconf 78' lang='lat' dir='ltr'><strong>adquam,</strong></span> <span class='ocrx_word' id='word_1_145' title='bbox 847 2449 923 2491; x_wconf 90' lang='lat' dir='ltr'><strong>cum</strong></span> <span class='ocrx_word' id='word_1_146' title='bbox 942 2424 1087 2492; x_wconf 88' lang='lat' dir='ltr'><strong>incidunt</strong></span> <span class='ocrx_word' id='word_1_147' title='bbox 1104 2428 1139 2492; x_wconf 83' lang='lat' dir='ltr'><strong>in</strong></span> <span class='ocrx_word' id='word_1_148' title='bbox 1159 2427 1283 2496; x_wconf 85' lang='lat' dir='ltr'><strong>codicis</strong></span> 
     </span>
     <span class='ocr_line' id='line_1_20' title="bbox 220 2535 1283 2626; baseline -0.003 -20"><span class='ocrx_word' id='word_1_149' title='bbox 220 2541 351 2607; x_wconf 89' lang='lat' dir='ltr'><strong>hebraei</strong></span> <span class='ocrx_word' id='word_1_150' title='bbox 376 2539 484 2602; x_wconf 91' lang='lat' dir='ltr'><strong>locum</strong></span> <span class='ocrx_word' id='word_1_151' title='bbox 507 2538 622 2626; x_wconf 85' lang='lat' dir='ltr'><strong>talem,</strong></span> <span class='ocrx_word' id='word_1_152' title='bbox 651 2539 709 2626; x_wconf 86' lang='lat' dir='ltr'><strong>qui</strong></span> <span class='ocrx_word' id='word_1_153' title='bbox 730 2536 896 2603; x_wconf 81' lang='lat' dir='ltr'><strong>obscurior</strong></span> <span class='ocrx_word' id='word_1_154' title='bbox 914 2547 963 2601; x_wconf 85' lang='lat' dir='ltr'><strong>est</strong></span> <span class='ocrx_word' id='word_1_155' title='bbox 981 2546 1014 2600; x_wconf 82' lang='lat' dir='ltr'><strong>et</strong></span> <span class='ocrx_word' id='word_1_156' title='bbox 1033 2535 1158 2600; x_wconf 84' lang='lat' dir='ltr'><strong>medica</strong></span> <span class='ocrx_word' id='word_1_157' title='bbox 1176 2559 1283 2603; x_wconf 91' lang='lat' dir='ltr'><strong>manu</strong></span> 
     </span>
     <span class='ocr_line' id='line_1_21' title="bbox 222 2642 1282 2737; baseline -0.005 -22"><span class='ocrx_word' id='word_1_158' title='bbox 222 2671 303 2737; x_wconf 91' lang='lat' dir='ltr'><strong>opus</strong></span> <span class='ocrx_word' id='word_1_159' title='bbox 323 2645 439 2714; x_wconf 87' lang='lat' dir='ltr'><strong>habere</strong></span> <span class='ocrx_word' id='word_1_160' title='bbox 459 2645 602 2735; x_wconf 76' lang='lat' dir='ltr'><strong>videtur,</strong></span> <span class='ocrx_word' id='word_1_161' title='bbox 622 2654 776 2731; x_wconf 87' lang='lat' dir='ltr'><strong>tauquam</strong></span> <span class='ocrx_word' id='word_1_162' title='bbox 793 2642 837 2708; x_wconf 87' lang='lat' dir='ltr'><strong>ad</strong></span> <span class='ocrx_word' id='word_1_163' title='bbox 857 2664 981 2709; x_wconf 82' lang='lat' dir='ltr'><strong>sacram</strong></span> <span class='ocrx_word' id='word_1_164' title='bbox 999 2642 1175 2709; x_wconf 68' lang='lat' dir='ltr'><strong>andream</strong></span> <span class='ocrx_word' id='word_1_165' title='bbox 1195 2666 1282 2711; x_wconf 91' lang='lat' dir='ltr'><strong>con-</strong></span> 
     </span>
     <span class='ocr_line' id='line_1_22' title="bbox 220 2750 1281 2844; baseline -0.004 -20"><span class='ocrx_word' id='word_1_166' title='bbox 220 2759 358 2844; x_wconf 78' lang='lat' dir='ltr'><strong>fugiunt,</strong></span> <span class='ocrx_word' id='word_1_167' title='bbox 378 2775 607 2841; x_wconf 87' lang='lat' dir='ltr'><strong>summumque</strong></span> <span class='ocrx_word' id='word_1_168' title='bbox 626 2751 686 2818; x_wconf 81' lang='lat' dir='ltr'><strong>sibi</strong></span> <span class='ocrx_word' id='word_1_169' title='bbox 704 2750 898 2840; x_wconf 78' lang='lat' dir='ltr'><strong>praesidium</strong></span> <span class='ocrx_word' id='word_1_170' title='bbox 917 2754 1077 2819; x_wconf 83' lang='lat' dir='ltr'><strong>invenisse</strong></span> <span class='ocrx_word' id='word_1_171' title='bbox 1093 2765 1216 2841; x_wconf 86' lang='lat' dir='ltr'><strong>putant,</strong></span> <span class='ocrx_word' id='word_1_172' title='bbox 1241 2759 1281 2841; x_wconf 88' lang='lat' dir='ltr'><strong>si,</strong></span> 
     </span>
     <span class='ocr_line' id='line_1_23' title="bbox 221 2855 1281 2954; baseline -0.002 -25"><span class='ocrx_word' id='word_1_173' title='bbox 221 2885 321 2954; x_wconf 90' lang='lat' dir='ltr'><strong>quam</strong></span> <span class='ocrx_word' id='word_1_174' title='bbox 342 2867 403 2950; x_wconf 85' lang='lat' dir='ltr'><strong>ipsi</strong></span> <span class='ocrx_word' id='word_1_175' title='bbox 421 2862 608 2929; x_wconf 71' lang='lat' dir='ltr'><strong>substituere</strong></span> <span class='ocrx_word' id='word_1_176' title='bbox 627 2873 751 2950; x_wconf 79' lang='lat' dir='ltr'><strong>aurant,</strong></span> <span class='ocrx_word' id='word_1_177' title='bbox 781 2859 952 2927; x_wconf 72' lang='lat' dir='ltr'><strong>lectioncm</strong></span> <span class='ocrx_word' id='word_1_178' title='bbox 974 2855 1029 2927; x_wconf 75' lang='lat' dir='ltr'><strong>vel</strong></span> <span class='ocrx_word' id='word_1_179' title='bbox 1047 2863 1281 2950; x_wconf 85' lang='lat' dir='ltr'><strong>conjecturam,</strong></span> 
     </span>
     <span class='ocr_line' id='line_1_24' title="bbox 219 2968 1280 3060; baseline -0.002 -20"><span class='ocrx_word' id='word_1_180' title='bbox 219 2975 305 3040; x_wconf 89' lang='lat' dir='ltr'><strong>illius</strong></span> <span class='ocrx_word' id='word_1_181' title='bbox 336 2974 492 3040; x_wconf 86' lang='lat' dir='ltr'><strong>versionis</strong></span> <span class='ocrx_word' id='word_1_182' title='bbox 522 2991 677 3035; x_wconf 84' lang='lat' dir='ltr'><strong>consensu</strong></span> <span class='ocrx_word' id='word_1_183' title='bbox 703 2981 799 3056; x_wconf 81' lang='lat' dir='ltr'><strong>atque</strong></span> <span class='ocrx_word' id='word_1_184' title='bbox 822 2971 1009 3034; x_wconf 83' lang='lat' dir='ltr'><strong>auctoritate</strong></span> <span class='ocrx_word' id='word_1_185' title='bbox 1030 2968 1155 3036; x_wconf 81' lang='lat' dir='ltr'><strong>firmari</strong></span> <span class='ocrx_word' id='word_1_186' title='bbox 1180 2993 1280 3060; x_wconf 89' lang='lat' dir='ltr'><strong>posse</strong></span> 
     </span>
     <span class='ocr_line' id='line_1_25' title="bbox 219 3079 1279 3170; baseline -0.004 -22"><span class='ocrx_word' id='word_1_187' title='bbox 219 3080 470 3170; x_wconf 78' lang='lat' dir='ltr'><strong>deprehendunt.</strong></span> <span class='ocrx_word' id='word_1_188' title='bbox 518 3079 598 3142; x_wconf 84' lang='lat' dir='ltr'><strong>Jam</strong></span> <span class='ocrx_word' id='word_1_189' title='bbox 626 3101 685 3166; x_wconf 89' lang='lat' dir='ltr'><strong>ego</strong></span> <span class='ocrx_word' id='word_1_190' title='bbox 706 3079 840 3166; x_wconf 81' lang='lat' dir='ltr'><strong>quidem</strong></span> <span class='ocrx_word' id='word_1_191' title='bbox 864 3083 892 3146; x_wconf 83' lang='lat' dir='ltr'><strong>is</strong></span> <span class='ocrx_word' id='word_1_192' title='bbox 915 3101 983 3145; x_wconf 89' lang='lat' dir='ltr'><strong>non</strong></span> <span class='ocrx_word' id='word_1_193' title='bbox 1001 3100 1092 3166; x_wconf 82' lang='lat' dir='ltr'><strong>rum,</strong></span> <span class='ocrx_word' id='word_1_194' title='bbox 1124 3081 1181 3165; x_wconf 91' lang='lat' dir='ltr'><strong>qui</strong></span> <span class='ocrx_word' id='word_1_195' title='bbox 1200 3083 1279 3145; x_wconf 85' lang='lat' dir='ltr'><strong>uni-</strong></span> 
     </span>
     <span class='ocr_line' id='line_1_26' title="bbox 218 3185 1279 3276; baseline -0.007 -24"><span class='ocrx_word' id='word_1_196' title='bbox 218 3211 348 3252; x_wconf 84' lang='lat' dir='ltr'><strong>versum</strong></span> <span class='ocrx_word' id='word_1_197' title='bbox 373 3187 435 3252; x_wconf 89' lang='lat' dir='ltr'><strong>hoc</strong></span> <span class='ocrx_word' id='word_1_198' title='bbox 454 3209 553 3274; x_wconf 87' lang='lat' dir='ltr'><strong>genus</strong></span> <span class='ocrx_word' id='word_1_199' title='bbox 572 3191 694 3251; x_wconf 84' lang='lat' dir='ltr'><strong>critices</strong></span> <span class='ocrx_word' id='word_1_200' title='bbox 712 3188 814 3272; x_wconf 70' lang='lat' dir='ltr'><strong>plane</strong></span> <span class='ocrx_word' id='word_1_201' title='bbox 832 3185 1073 3276; x_wconf 88' lang='lat' dir='ltr'><strong>reprobandum</strong></span> <span class='ocrx_word' id='word_1_202' title='bbox 1092 3199 1203 3275; x_wconf 88' lang='lat' dir='ltr'><strong>putem</strong></span> <span class='ocrx_word' id='word_1_203' title='bbox 1223 3201 1279 3254; x_wconf 68' lang='lat' dir='ltr'><strong>at-</strong></span> 
     </span>
     <span class='ocr_line' id='line_1_27' title="bbox 220 3293 1277 3385; baseline 0 -25"><span class='ocrx_word' id='word_1_204' title='bbox 220 3318 283 3385; x_wconf 90' lang='lat' dir='ltr'><strong>que</strong></span> <span class='ocrx_word' id='word_1_205' title='bbox 301 3295 527 3378; x_wconf 79' lang='lat' dir='ltr'><strong>aversandum3</strong></span> <span class='ocrx_word' id='word_1_206' title='bbox 549 3318 745 3382; x_wconf 84' lang='lat' dir='ltr'><strong>quamquam</strong></span> <span class='ocrx_word' id='word_1_207' title='bbox 765 3308 797 3359; x_wconf 92' lang='lat' dir='ltr'><strong>et</strong></span> <span class='ocrx_word' id='word_1_208' title='bbox 815 3294 893 3360; x_wconf 92' lang='lat' dir='ltr'><strong>illud</strong></span> <span class='ocrx_word' id='word_1_209' title='bbox 913 3293 1111 3362; x_wconf 89' lang='lat' dir='ltr'><strong>reticendum</strong></span> <span class='ocrx_word' id='word_1_210' title='bbox 1129 3307 1277 3382; x_wconf 78' lang='lat' dir='ltr'><strong>nonest,</strong></span> 
     </span>
     <span class='ocr_line' id='line_1_28' title="bbox 221 3400 1279 3496; baseline -0.001 -26"><span class='ocrx_word' id='word_1_211' title='bbox 221 3409 333 3496; x_wconf 84' lang='lat' dir='ltr'><strong>grauia</strong></span> <span class='ocrx_word' id='word_1_212' title='bbox 357 3429 424 3472; x_wconf 89' lang='lat' dir='ltr'><strong>esse</strong></span> <span class='ocrx_word' id='word_1_213' title='bbox 443 3427 482 3470; x_wconf 89' lang='lat' dir='ltr'><strong>ac</strong></span> <span class='ocrx_word' id='word_1_214' title='bbox 502 3407 752 3471; x_wconf 82' lang='lat' dir='ltr'><strong>consideratione</strong></span> <span class='ocrx_word' id='word_1_215' title='bbox 771 3402 956 3490; x_wconf 82' lang='lat' dir='ltr'><strong>dignissima</strong></span> <span class='ocrx_word' id='word_1_216' title='bbox 973 3402 1029 3466; x_wconf 90' lang='lat' dir='ltr'><strong>illa</strong></span> <span class='ocrx_word' id='word_1_217' title='bbox 1047 3400 1159 3490; x_wconf 88' lang='lat' dir='ltr'><strong>dubia,</strong></span> <span class='ocrx_word' id='word_1_218' title='bbox 1189 3423 1279 3489; x_wconf 89' lang='lat' dir='ltr'><strong>quae</strong></span> 
     </span>
     <span class='ocr_line' id='line_1_29' title="bbox 219 3513 1279 3601; baseline -0.004 -20"><span class='ocrx_word' id='word_1_219' title='bbox 219 3518 405 3601; x_wconf 87' lang='lat' dir='ltr'><strong>nuperrime</strong></span> <span class='ocrx_word' id='word_1_220' title='bbox 431 3527 542 3579; x_wconf 90' lang='lat' dir='ltr'><strong>contra</strong></span> <span class='ocrx_word' id='word_1_221' title='bbox 562 3517 716 3581; x_wconf 82' lang='lat' dir='ltr'><strong>versionis</strong></span> <span class='ocrx_word' id='word_1_222' title='bbox 736 3533 867 3598; x_wconf 84' lang='lat' dir='ltr'><strong>graecae</strong></span> <span class='ocrx_word' id='word_1_223' title='bbox 887 3514 1106 3578; x_wconf 88' lang='lat' dir='ltr'><strong>auctoritatem</strong></span> <span class='ocrx_word' id='word_1_224' title='bbox 1129 3513 1279 3577; x_wconf 87' lang='lat' dir='ltr'><strong>criticam</strong></span> 
     </span>
     <span class='ocr_line' id='line_1_30' title="bbox 218 3617 1278 3709; baseline -0.005 -21"><span class='ocrx_word' id='word_1_225' title='bbox 218 3625 254 3688; x_wconf 83' lang='lat' dir='ltr'><strong>in</strong></span> <span class='ocrx_word' id='word_1_226' title='bbox 279 3623 423 3686; x_wconf 91' lang='lat' dir='ltr'><strong>medium</strong></span> <span class='ocrx_word' id='word_1_227' title='bbox 440 3623 565 3709; x_wconf 87' lang='lat' dir='ltr'><strong>prolata</strong></span> <span class='ocrx_word' id='word_1_228' title='bbox 585 3625 713 3686; x_wconf 85' lang='lat' dir='ltr'><strong>suntin</strong></span> <span class='ocrx_word' id='word_1_229' title='bbox 733 3619 907 3685; x_wconf 87' lang='lat' dir='ltr'><strong>Germania</strong></span> <span class='ocrx_word' id='word_1_230' title='bbox 927 3642 947 3684; x_wconf 91' lang='lat' dir='ltr'><strong>a</strong></span> <span class='ocrx_word' id='word_1_231' title='bbox 965 3619 1137 3686; x_wconf 85' lang='lat' dir='ltr'><strong>clarissimo</strong></span> <span class='ocrx_word' id='word_1_232' title='bbox 1157 3617 1278 3707; x_wconf 83' lang='lat' dir='ltr'><strong>Tych-</strong></span> 
     </span>
     <span class='ocr_line' id='line_1_31' title="bbox 218 3727 1279 3818; baseline 0 -24"><span class='ocrx_word' id='word_1_233' title='bbox 218 3735 317 3797; x_wconf 88' lang='lat' dir='ltr'><strong>senio.</strong></span> <span class='ocrx_word' id='word_1_234' title='bbox 357 3730 421 3796; x_wconf 89' lang='lat' dir='ltr'><strong>Sed</strong></span> <span class='ocrx_word' id='word_1_235' title='bbox 441 3745 601 3818; x_wconf 91' lang='lat' dir='ltr'><strong>utcunque</strong></span> <span class='ocrx_word' id='word_1_236' title='bbox 620 3753 654 3795; x_wconf 92' lang='lat' dir='ltr'><strong>se</strong></span> <span class='ocrx_word' id='word_1_237' title='bbox 674 3733 803 3796; x_wconf 88' lang='lat' dir='ltr'><strong>resista</strong></span> <span class='ocrx_word' id='word_1_238' title='bbox 823 3729 952 3811; x_wconf 85' lang='lat' dir='ltr'><strong>habeat;</strong></span> <span class='ocrx_word' id='word_1_239' title='bbox 975 3728 1038 3794; x_wconf 88' lang='lat' dir='ltr'><strong>hoo</strong></span> <span class='ocrx_word' id='word_1_240' title='bbox 1056 3727 1202 3816; x_wconf 84' lang='lat' dir='ltr'><strong>prolecto</strong></span> <span class='ocrx_word' id='word_1_241' title='bbox 1223 3727 1279 3794; x_wconf 85' lang='lat' dir='ltr'><strong>af-</strong></span> 
     </span>
     <span class='ocr_line' id='line_1_32' title="bbox 218 3836 1279 3928; baseline 0 -24"><span class='ocrx_word' id='word_1_242' title='bbox 218 3837 350 3904; x_wconf 85' lang='lat' dir='ltr'><strong>firmare</strong></span> <span class='ocrx_word' id='word_1_243' title='bbox 370 3839 489 3928; x_wconf 89' lang='lat' dir='ltr'><strong>audeo,</strong></span> <span class='ocrx_word' id='word_1_244' title='bbox 509 3862 659 3906; x_wconf 89' lang='lat' dir='ltr'><strong>mancam</strong></span> <span class='ocrx_word' id='word_1_245' title='bbox 677 3860 744 3906; x_wconf 83' lang='lat' dir='ltr'><strong>esse</strong></span> <span class='ocrx_word' id='word_1_246' title='bbox 763 3849 858 3925; x_wconf 86' lang='lat' dir='ltr'><strong>atque</strong></span> <span class='ocrx_word' id='word_1_247' title='bbox 877 3836 1096 3925; x_wconf 81' lang='lat' dir='ltr'><strong>imperfectam</strong></span> <span class='ocrx_word' id='word_1_248' title='bbox 1114 3839 1279 3906; x_wconf 82' lang='lat' dir='ltr'><strong>versionis</strong></span> 
     </span>
    </p>
   </div>
   <div class='ocr_carea' id='block_1_3' title="bbox 218 3943 1276 4042">
    <p class='ocr_par' dir='ltr' id='par_1_3' title="bbox 218 3943 1276 4042">
     <span class='ocr_line' id='line_1_33' title="bbox 218 3943 1276 4042; baseline 0.001 -30"><span class='ocrx_word' id='word_1_249' title='bbox 218 3969 349 4036; x_wconf 83' lang='lat' dir='ltr'><strong>graecae</strong></span> <span class='ocrx_word' id='word_1_250' title='bbox 368 3951 628 4042; x_wconf 83' lang='lat' dir='ltr'><strong>intelligentiam,</strong></span> <span class='ocrx_word' id='word_1_251' title='bbox 649 3950 711 4017; x_wconf 87' lang='lat' dir='ltr'><strong>nisi</strong></span> <span class='ocrx_word' id='word_1_252' title='bbox 728 3946 856 4016; x_wconf 84' lang='lat' dir='ltr'><strong>accedat</strong></span> <span class='ocrx_word' id='word_1_253' title='bbox 871 3965 947 4016; x_wconf 82' lang='lat' dir='ltr'><strong>usus</strong></span> <span class='ocrx_word' id='word_1_254' title='bbox 963 3943 1090 4039; x_wconf 84' lang='lat' dir='ltr'><strong>linguae</strong></span> <span class='ocrx_word' id='word_1_255' title='bbox 1100 3943 1276 4013; x_wconf 77' lang='lat' dir='ltr'><strong>Arabicae.</strong></span> 
     </span>
    </p>
   </div>
   <div class='ocr_carea' id='block_1_4' title="bbox 0 0 1392 5124">
    <p class='ocr_par' dir='ltr' id='par_1_4' title="bbox 0 0 1392 5124">
     <span class='ocr_line' id='line_1_34' title="bbox 0 0 1392 5124; baseline 0 6"><span class='ocrx_word' id='word_1_256' title='bbox 0 0 1392 5124; x_wconf 95' lang='lat' dir='ltr'><strong> </strong></span> 
     </span>
    </p>
   </div>
  </div>
 </body>
</html>
