2776 5124
361 432 562 508 Enrroars
601 438 852 509 Paarrarro.
1091 458 1131 519 at

79 586 148 687 quo
170 619 268 685 quam
281 603 426 665 maxime
446 601 487 665 ad
505 600 716 669 eruditionem
735 603 966 698 liberaliorem,
997 632 1065 677 non
1090 613 1131 679 ad

78 709 181 775 verba
200 711 344 794 magistri
362 696 583 797 ediscendam,
611 732 692 798 opus
712 725 775 799 est,
793 719 912 802 otium,
941 713 1049 784 studiis
1069 745 1129 806 pro

76 816 221 903 impulsu
240 818 341 880 animi
360 817 465 882 electis
484 817 634 905 dicatum,
653 823 850 904 privatarum
869 823 1041 892 lectionum
1067 849 1130 914 op-

76 930 202 992 tionem
221 923 261 988 ab
285 930 468 989 auctoritate
490 947 558 990 non
577 926 786 1017 pendentem,
812 929 1024 1022 disciplinam,
1048 957 1129 1021 quae

75 1034 162 1100 nihil
181 1034 247 1098 fere
265 1037 327 1098 nisi
346 1031 425 1098 boui
443 1038 596 1120 temporis
612 1039 766 1121 jacturam
786 1061 980 1129 morumque
992 1038 1129 1108 dissolu-

74 1149 201 1208 tionem
222 1139 396 1226 coiircebat,
414 1163 559 1206 securam
584 1147 686 1209 animi
711 1149 985 1238 tranquillitatem,
1010 1148 1128 1216 biblio-
1232 1229 1234 1233 ,

74 1253 188 1318 thecae
206 1250 396 1316 commodae
415 1274 526 1338 usum,
559 1258 704 1318 examina
725 1253 921 1341 diligentiam
940 1280 1015 1323 cum
1035 1279 1128 1345 saga-

74 1347 172 1425 citate
191 1364 365 1446 excitantia,
384 1359 509 1445 publice
536 1358 635 1427 verba
661 1361 796 1424 faciendi
819 1367 983 1450 aciemque
1011 1370 1127 1430 mentis

75 1468 267 1556 disputando
289 1467 456 1538 exercendi
483 1448 769 1555 opportunitatem,
795 1471 941 1557 inprimis
957 1495 1064 1561 vero,
1092 1471 1127 1535 id

74 1577 165 1665 quod
186 1576 402 1640 dulcissimum
423 1566 489 1642 elsa,
508 1589 602 1663 atque
619 1576 841 1664 utilissimum,
867 1584 985 1644 amicos
1011 1593 1042 1644 et
1069 1603 1126 1643 ae-

74 1686 185 1773 quales
204 1699 271 1748 tam
289 1688 456 1770 ingenuos,
476 1698 543 1748 tam
561 1684 679 1750 multos
698 1684 820 1772 dedisti,
841 1691 896 1774 qui
909 1689 967 1752 sibi
984 1691 1125 1753 invicem
1193 1727 1194 1730 =

73 1800 150 1861 vice
169 1799 245 1858 cotis
264 1792 486 1879 fungebantur,
508 1797 562 1878 qui
580 1815 673 1879 pares
692 1799 775 1858 inter
793 1775 895 1882 pares,
908 1809 1036 1861 externa
1044 1815 1126 1880 qua-

70 1901 153 1967 libet
178 1896 407 1965 existimatione
431 1906 596 1988 prosapiae
624 1923 766 1989 opumve
790 1924 906 1989 parum
934 1907 1032 1988 moti,
1057 1923 1125 1966 non

71 2015 138 2075 nisi
157 2009 329 2074 candorem
348 2013 466 2090 animi,
496 1991 708 2096 diligentiam,
736 2011 932 2097 doctrinam,
958 2015 1124 2098 ingenium
1191 2092 1195 2097 ῃ

71 2125 193 2205 magni
205 2117 320 2182 habere
340 2117 495 2205 solebant,
525 2124 673 2205 uitaeque
691 2121 799 2187 sociali
819 2134 850 2184 et
880 2121 1015 2207 allabili,
1043 2141 1123 2205 quae

71 2249 285 2314 peromnem
312 2240 448 2290 aetatem
477 2231 564 2292 viros
593 2227 750 2312 populum
777 2228 962 2293 educaturos
988 2210 1148 2312 ideoque¹

69 2334 242 2422 populares
263 2335 361 2421 decet,
381 2358 439 2399 nec
459 2357 527 2400 non
546 2341 648 2420 sagaci
668 2336 805 2400 aliorum
824 2336 965 2400 mentem
974 2357 1124 2409 morum-

71 2466 139 2531 que
157 2443 302 2507 habitum
321 2443 494 2531 indagandi
512 2448 642 2530 peritiae
668 2450 729 2516 isto
754 2450 790 2512 in
815 2449 974 2514 consortio
1001 2443 1122 2508 facilius

66 2550 295 2620 adsuefiebant.

156 2661 240 2726 Vale
259 2665 356 2748 igitur
383 2662 577 2728 validissime
602 2676 634 2728 et
659 2686 734 2728 cum
761 2666 863 2750 patria
889 2686 956 2729 non
981 2664 1122 2748 peritura
1205 2662 1210 2670 '

69 2791 248 2855 concresce,
265 2792 285 2833 o
302 2791 456 2856 perquam
470 2772 604 2836 salutare
616 2772 806 2835 corevivendi
819 2774 1016 2840 institutum!
1036 2770 1122 2834 unde

67 2883 131 2944 toti
151 2879 254 2943 ordini
275 2877 478 2943 ecclesiastico
501 2880 799 2970 Wiirtembergiae,
816 2883 891 2948 inde
909 2904 1008 2946 anon
1019 2880 1120 2942 fucata

65 2991 266 3074 juventute,
284 2986 462 3050 studiorum
489 2989 709 3052 conformitate
727 3011 796 3052 non
823 3003 947 3077 coacta,
975 2988 1123 3073 adaperta

68 3094 256 3160 animorum
276 3097 473 3179 cognitione,
494 3095 685 3179 quotidianis
702 3101 792 3182 quasi
812 3101 936 3183 agapis,
966 3099 1122 3180 conjunc-
1192 3152 1194 3158 Α

66 3207 158 3267 tione
185 3203 348 3267 familiaris
372 3224 464 3288 usus,
494 3206 706 3289 omniumque
732 3217 935 3267 externarum
961 3208 1123 3270 rationum
1152 3213 1163 3294 J
1193 3264 1194 3267 ,

67 3316 299 3376 communione
319 3314 508 3376 consociatio
529 3322 560 3374 et
580 3309 669 3378 velut
692 3310 925 3376 confoederatio
950 3314 1121 3376 innascitur

67 3431 164 3504 atque
183 3420 337 3505 inhaeret,
355 3420 512 3507 reliquam
531 3423 633 3489 uitam
653 3432 684 3483 ct
705 3421 808 3505 ipsam
828 3420 975 3487 ecclesiae
993 3440 1031 3484 ac
1043 3441 1120 3483 mu-

65 3549 187 3592 nerum
211 3528 398 3615 dignitatem
429 3533 545 3593 tuitura
571 3527 718 3615 dulcique
745 3531 902 3598 amicitiae
928 3525 1064 3597 vinculis
1090 3537 1121 3589 et

64 3635 289 3701 recordatione
306 3652 375 3702 non
401 3637 607 3703 oblitteranda
634 3635 675 3700 ad
703 3649 895 3703 senectutem
921 3658 958 3702 ac
981 3647 1121 3701 mortem
1208 3669 1210 3675 ,

64 3764 170 3829 usque
189 3751 311 3810 mirum
331 3759 486 3832 quantum
506 3744 693 3811 exhilarans.

152 3852 308 3919 valebitis
328 3877 407 3922 vero
427 3857 681 3941 auspicatissime,
709 3866 740 3918 et
758 3853 821 3941 Tu,
846 3855 1022 3918 litterarum
1044 3856 1120 3914 uui-

62 3963 200 4027 versitas
214 3967 344 4048 patriae
370 3984 473 4048 sacra,
509 3985 589 4049 quae
614 3977 650 4028 ut
673 3967 768 4050 petra
790 3964 871 4030 bene
903 3965 1019 4048 posita,
1052 3981 1119 4023 uon
1169 3982 1171 3986 ⁴
