2776 5124
333 443 526 515 Eutrottts
567 445 811 515 Prtnutrro.
1028 434 1087 512 soi
1164 525 1166 534 k

63 618 153 684 litteris
172 616 253 680 meis
272 633 301 678 a.
320 611 351 676 d.
372 612 499 681 XXVI.
519 612 657 700 Augusti
674 612 812 698 scriptis,
837 629 915 696 quas
933 616 993 702 ipsi
1012 614 1090 680 red-

10 714 12 797 !
65 728 126 791 ditas
142 725 238 790 luisse
256 719 342 787 baud
363 726 478 788 rescivi
495 722 637 810 quidem,
656 723 712 807 sed
731 723 803 787 licet
823 735 939 788 tamen*
955 728 1102 811 opinari..

10 814 12 821 ¹
65 833 210 901 Eventum
229 831 335 896 omnis
354 833 401 894 rei
418 833 524 916 ipsum
543 829 650 895 autem
670 831 837 916 perscripsi
846 851 971 895 summo
984 841 1091 893 oestro

67 939 245 1028 schroedero
264 939 375 1002 litteris
393 958 423 1001 a.
446 936 477 1003 d.
497 939 644 1004 XXVII.
664 936 825 1026 Septemb.
836 939 977 1025 exaratis,
987 951 1093 1024 atque,

65 1063 91 1112 ut
105 1060 186 1113 certo
207 1046 416 1133 expediteque
433 1051 545 1113 itinere
564 1045 900 1134 uterentur,Basileam
907 1045 1094 1111 hinctrans-

65 1160 131 1224 tuisi.
203 1155 362 1219 Binarum
397 1162 506 1220 tamen
540 1155 671 1222 istarum
701 1156 878 1222 litterarum
911 1150 1098 1240 exemplum=

64 1262 134 1327 aliud
152 1260 261 1331 visum
281 1276 328 1327 est
352 1261 437 1328 hisce
463 1261 544 1330 ¹meis
570 1264 758 1352 adjungere,
786 1278 863 1350 quas
887 1259 922 1329 in
946 1255 1094 1353 Belgium

10 1362 13 1370 ’
61 1377 248 1461 perferendas
267 1390 377 1451 curare
396 1386 472 1438 nort
484 1373 667 1438 detrectabit
685 1372 847 1438 excellent.
860 1368 906 1439 de
924 1365 1040 1440 Wru.

131 1484 230 1549 Nunc
248 1483 346 1572 igitur
363 1484 524 1570 reliquum
542 1474 623 1546 mibi
642 1474 726 1546 nihil
742 1487 799 1569 est,
817 1482 879 1546 'nisi
897 1473 969 1571 hoc,
986 1482 1096 1573 utTe,

60 1590 113 1660 Vir
133 1587 375 1681 consultissime,
389 1607 480 1658 orem
500 1598 594 1678 atque
614 1581 760 1679 obtestor,
780 1587 1053 1677 quemadmodum
1068 1607 1101 1659 ct
1202 1619 1204 1623 ⁴

53 1701 312 1791 Sounounnttoit,
331 1698 443 1770 virum
471 1693 589 1768 clariss.
617 1700 723 1765 modis
748 1699 896 1764 omnibus
928 1698 1098 1776 obtestatus

50 1832 130 1899 sum,
151 1802 231 1879 velis
250 1808 439 1898 gravissimo
459 1800 502 1876 A.
523 1807 717 1876 Curatorum
736 1800 870 1895 collegio
889 1813 921 1872 et
935 1819 1102 1874 summam
1152 1861 1155 1868 ,

48 1935 157 1986 meam
175 1919 389 1986 reverentiam
409 1911 586 2004 'siguificare
608 1925 640 1982 et
663 1921 891 2004 sempiternam
909 1912 1009 1982 animi
1021 1937 1098 2004 gra-

45 2026 160 2093 tissimi
182 2031 376 2092 memoriam
403 2038 464 2112 pro
487 2017 638 2112 Ipsorum
662 2030 698 2091 in
721 2048 776 2089 me
799 2032 869 2090 tant
892 2029 1009 2090 eximia
1034 2040 1102 2095 voe·

45 2135 182 2223 luntate,
212 2148 310 2221 quam
334 2133 448 2201 'videor'
467 2131 549 2199 mihi
568 2126 754 2200 abstinendo
772 2133 900 2222 'dignius
924 2148 981 2199 me
1005 2146 1099 2209 com-

47 2263 194 2330 pensare,
215 2258 312 2328 quam
332 2242 535 2326 acceptando
576 2241 676 2334 Quod
694 2255 779 2310 vero·
794 2244 844 2308 Te
863 2256 976 2330 unum,
1002 2255 1101 2328 quarn
1129 2225 1132 2235 ’

48 2369 194 2415 summos
213 2350 286 2413 ilios
305 2351 393 2416 'viros
419 2347 507 2414 hisce·
531 2354 612 2415 meis
638 2351 749 2417 litteris
776 2344 967 2439 compellare
991 2350 1104 2438 malui,-

48 2456 123 2523 fecit
140 2473 209 2523 non
228 2454 291 2523 nisi
309 2452 533 2546 formidarunt,
554 2459 667 2547 quibus
689 2475 750 2549 pro
770 2463 920 2549 Ipsorum
949 2463 1105 2549 gravitate

51 2567 201 2631 decenter
217 2571 249 2630 et
269 2565 440 2630 commode
459 2570 506 2631 uti
525 2582 668 2657 possem,
696 2568 885 2656 ignorantia.
929 2561 983 2633 Tu
1007 2572 1104 2656 igitur

52 2675 84 2738 id
105 2696 222 2760 quaeso
242 2688 310 2762 age,
331 2677 384 2739 vir
403 2673 643 2764 humanissime,
661 2690 698 2741 ut
718 2693 814 2764 quem
830 2674 898 2765 ipse
912 2672 1019 2746 verbis
1030 2676 1108 2743 reda

54 2783 129 2847 dere
148 2781 235 2846 haud
254 2781 367 2866 valeo,
394 2778 495 2846 animi
519 2780 585 2849 mei
602 2798 749 2874 tensum,
780 2786 834 2850 Tu
862 2804 937 2854 meo
972 2774 1106 2856 nomine

55 2891 243 2956 Proceribus
262 2899 295 2953 et
312 2887 395 2954 Tuis
415 2897 446 2953 et
464 2895 546 2955 meis
571 2883 727 2958 describas
753 2908 852 2981 quam
878 2887 1105 2967 liberalissime

55 2997 150 3086 Vale,
167 3003 222 3066 vir
238 2993 479 3087 consultissime,
499 3010 531 3066 et
547 3016 613 3088 me,
632 3003 659 3066 'si
678 3002 792 3089 dignus
803 3003 921 3094 videat,
937 3012 1107 3071 commen*
1220 3054 1222 3057 -

54 3107 167 3172 datum
185 3106 261 3173 Tibi
280 3104 371 3170 habe.
418 3103 495 3168 Vale
514 3117 545 3167 et
571 3107 630 3187 Tu,
658 3110 841 3172 Academia
861 3109 1108 3196 Lugdnnoassoa·

56 3215 158 3276 tono!
175 3234 195 3276 o
215 3228 313 3296 quam
346 3209 390 3274 Tc
416 3224 542 3294 temper
568 3211 603 3273 in
628 3214 740 3275 animo
768 3228 899 3298 geram,
932 3237 1032 3300 quam
1066 3220 1111 3286 Te

57 3317 165 3382 colom
184 3307 447 3401 atqneoit'igam,
469 3307 585 3378 absent
605 3311 702 3379 etiam
724 3319 828 3381 'omnis
853 3319 971 3384 flium!

141 3416 226 3488 Dat.
240 3416 408 3508 Tubingae
428 3437 457 3492 'aa
479 3424 511 3491 d.
519 3416 623 3488 XXII
636 3424 747 3492 octbr.
755 3419 1089 3500 MDCCLXXXXV.

143 3529 193 3595 Ut
209 3529 440 3620 honestissime,
459 3544 496 3597 ut
514 3534 731 3599 decentissime
757 3549 809 3602 res
834 3542 897 3602 tota
922 3553 1113 3625 pertractata

58 3642 129 3701 erat
147 3652 167 3701 a
189 3640 271 3703 Viro
291 3637 351 3707 ‘sibi
370 3648 532 3735 constante
551 3640 770 3732 digrntatisque
795 3646 1041 3737 studiosissimo,
1056 3653 1111 3716 sic

59 3743 380 3815 honorificentissime
400 3766 472 3815 eam
492 3765 512 3816 a
531 3743 623 3817 Duce
640 3753 710 3840 ipso
729 3755 871 3842 'virisque
896 3751 1111 3844 erectioribus,

59 3866 125 3938 pro
152 3852 304 3941 dignitate
336 3853 528 3925 arbitrorum
551 3860 664 3926 talium
689 3859 910 3931 humilioribus
936 3851 1112 3931 rationibus

58 3963 266 4050 superiorum
284 3968 378 4052 atque
396 3987 456 4054 pro
484 3973 621 4056 'genuina
647 3975 767 4057 patriae
792 3967 924 4037 utilitate
946 3971 1138 4050 delinirent·

356 4102 358 4119 2
845 4089 863 4145 3
886 4081 903 4116 ’ν
