2776 5124
178 1131 245 1224 Qui
270 1153 372 1218 nuper
397 1129 561 1196 historiam
584 1126 799 1216 professorum
824 1130 949 1216 linguae
975 1129 1138 1198 hebraicae

95 1245 131 1307 in
150 1242 208 1305 hac
228 1256 335 1305 nostra
355 1240 529 1305 litterarum
548 1243 769 1324 universitate,
792 1234 852 1301 alia
864 1241 1027 1302 occasione
1041 1263 1138 1326 coep-

94 1364 181 1436 tam,
206 1349 299 1416 vobIs
325 1363 359 1413 ut
378 1351 489 1419 videre
513 1350 604 1416 nobis
624 1352 685 1415 visi
705 1367 813 1410 sumus
831 1367 898 1408 non
918 1345 1017 1430 plane
1030 1351 1140 1414 invitis

95 1481 204 1523 sumus
229 1464 399 1544 persecuti;
426 1453 556 1526 reniam
581 1475 669 1522 nttnc
688 1457 826 1540 petimus
842 1464 1001 1535 vestram,
1034 1455 1140 1518 Audi-

94 1581 196 1652 tores,
222 1580 444 1654 argumentum
463 1565 542 1650 hoc,
563 1565 604 1628 ab
624 1563 686 1627 hoc
704 1560 778 1624 loco
796 1562 890 1644 atque
909 1572 1053 1645 tempore
1070 1586 1137 1628 non

95 1695 225 1760 prorsus
245 1675 399 1754 alienum,
420 1672 620 1760 perficiendi,
640 1685 671 1736 et
690 1668 786 1734 telam
806 1671 896 1752 quasi
908 1680 1050 1731 nostram
1064 1693 1139 1754 per-

96 1784 222 1848 texendi
242 1781 501 1866 absolvendique,
539 1780 610 1844 Fiet
631 1779 666 1843 id
685 1799 766 1845 vero
788 1774 975 1844 brevissima
988 1783 1139 1866 oratione,

94 1913 136 1956 ne
156 1905 260 1958 vestra
279 1894 429 1977 patientia
449 1889 534 1953 abuti
553 1888 635 1956 velle
654 1887 832 1953 videamur.

179 1999 361 2066 Wilhelmo
378 1997 585 2083 Schickard0,
610 1993 853 2080 incomparabili
865 1996 953 2078 viro,
971 2005 1139 2065 omnium.

98 2089 173 2193 que,
192 2110 248 2191 qui
268 2128 410 2191 unquam
429 2104 482 2168 hic
502 2103 666 2169 orientales
684 2104 802 2166 litteras
815 2105 947 2189 professi
959 2119 1041 2193 sunt,
1065 2131 1141 2173 om-

96 2219 174 2279 nino
201 2219 360 2300 principe,
390 2213 537 2278 detineto
563 2233 647 2274 anuo
671 2215 766 2299 1635,
796 2211 851 2274 diu
874 2216 969 2298 jacuit
987 2214 1141 2284 hebraeae

97 2325 224 2410 liuguae
249 2316 404 2407 studium,
432 2345 491 2386 nec
515 2319 553 2384 de
578 2340 756 2386 successore
779 2322 826 2385 illi
846 2323 951 2387 dando
971 2333 1141 2412 cogitatum

99 2443 146 2495 est
164 2434 249 2494 inter
267 2452 336 2519 eos,
356 2431 396 2494 ad
417 2452 496 2516 quos
517 2451 590 2492 cura
606 2428 698 2514 hujus
711 2432 760 2492 rei
775 2433 942 2516 praecipue
956 2433 1140 2517 pertinebat.

66 2597 68 2603 .
98 2537 176 2602 Erat
200 2551 269 2602 tum
294 2542 459 2624 temporis,
492 2536 532 2600 ob
557 2537 760 2601 funestissimi
780 2537 855 2601 belli
875 2541 1054 2605 tricennalis
1073 2555 1143 2605 tur-

33 2723 37 2735 ,
98 2644 154 2710 bas
175 2669 212 2709 ac
232 2647 438 2733 calamitates,
462 2667 536 2708 cum
556 2650 690 2731 patriae,
711 2657 782 2708 tum
801 2644 926 2711 scholae
944 2661 1069 2714 nostrae
1088 2650 1144 2715 lit-

98 2758 247 2839 terariae,
276 2759 451 2818 tristissima
470 2755 581 2838 facies,
608 2755 823 2840 professorum
844 2776 960 2839 magna
980 2763 1071 2841 parte
1089 2759 1142 2823 lue

98 2861 259 2949 absumta,
289 2864 433 2928 studiosis
458 2863 608 2948 disjectis,
637 2863 792 2948 stipendio
814 2861 992 2949 theologico
1012 2872 1045 2930 in
1066 2869 1144 2932 soli-

99 2970 242 3034 tudinem
265 2971 407 3055 redacto,
436 2968 585 3034 exhausto
612 2977 750 3058 aerario,
777 2971 930 3035 reditibus
955 2973 1143 3058 reipublicae

100 3077 300 3142 scholasticae
327 3079 502 3139 maximam
528 3092 653 3162 partem
680 3082 810 3163 negatis.
853 3079 1064 3144 Memorabile
1088 3097 1143 3171 est,
1226 3089 1228 3092 ’

101 3185 195 3272 quod.
210 3185 317 3250 scribit
336 3185 387 3250 Jo.
406 3185 592 3247 Valentinus
604 3186 777 3272 Andreae,
795 3189 830 3249 in
843 3184 1088 3253 Commentariis
1104 3190 1143 3254 de

101 3300 167 3361 vita
186 3316 242 3357 sua
258 3294 383 3357 ineditis
404 3289 492 3378 (pag.
501 3293 632 3377 matta)
650 3292 690 3356 ad
707 3314 828 3357 annum
851 3299 948 3372 1643:
979 3296 1049 3381 „Ex
1068 3320 1145 3360 mu-

66 3442 70 3449 ·
103 3405 209 3488 „neris
235 3406 300 3465 mei
323 3401 482 3486 partibus,
510 3403 628 3503 inquit,
660 3403 829 3489 praecipua
852 3402 910 3464 fuit
935 3402 1062 3467 illustris
1080 3405 1146 3470 Sti-

103 3511 232 3599 „pendii
256 3514 426 3594 inspectio,
458 3506 544 3595 quod
571 3530 643 3572 cum
663 3507 806 3574 laborare
824 3517 968 3594 praecoci
987 3512 1148 3601 effusaque

104 3617 283 3705 „graduum
296 3620 521 3683 litterariorum
535 3616 709 3703 collatione,
724 3631 794 3681 tum
805 3617 1036 3684 informationis
1049 3629 1146 3687 etiam

106 3728 365 3816 „mathematicae
398 3739 429 3792 et
456 3727 615 3790 hebraeae
648 3728 782 3810 penuria
809 3724 990 3814 videretur,
1023 3733 1148 3815 utrique

108 3848 211 3922 „recte
228 3837 421 3918 consultum,
441 3829 593 3899 sumtibus
609 3855 784 3920 egenorum
800 3846 926 3897 cautum
943 3851 989 3900 est
1005 3842 1040 3900 13
1054 3837 1148 3902 Junii

109 3942 271 4029 „didactro
297 3950 392 4009 etiam
418 3948 454 4009 in
481 3941 560 4008 duos
578 3940 773 4035 Professores
798 3963 904 4008 annuo
928 3965 986 4030 per
1005 3967 1059 4011 me
1078 3948 1147 4039 cal-
