2776 5124
183 419 227 492 24
465 416 668 488 liniacus·
709 418 978 487 Postumo!

267 576 361 665 Vale,
390 554 453 646 Vir
465 587 753 668 >praestantissima
780 583 909 658 Dabam
928 584 1112 682 Groningao
1140 608 1172 658 a.
1201 588 1236 655 d.

184 683 271 751 XIX
291 686 373 775 Maji
392 689 437 767 Α.
457 690 799 769 MDCCLXXXXV.

572 1000 603 1035 .·
685 969 722 1026 2.
817 1042 828 1053 „

427 1113 720 1189 Sennnmmnr
742 1117 979 1212 Responsum

522 1276 560 1334 ds
577 1278 625 1340 ui·
644 1283 679 1342 28
694 1281 776 1342 sunit
799 1288 877 1354 1795.

105 1550 107 1554 y
259 1475 398 1545 Litterae
416 1479 508 1550 Tuae
527 1483 784 1579 humanissimae,
804 1513 833 1556 a.
854 1491 886 1558 d.
898 1490 1227 1586 XIXMajiscriptae²

177 1579 309 1654 demum
330 1591 361 1658 d.
380 1589 468 1659 VIII
487 1594 568 1664 Jun.
588 1599 729 1665 redditae
748 1599 829 1665 mihi
849 1613 933 1688 sunt,
952 1622 1027 1666 cum
1045 1626 1085 1670 ex
1098 1605 1229 1698 morbo,

175 1693 342 1769 breviato
363 1703 503 1792 quidem,
523 1705 578 1772 sed
599 1699 731 1799 acriore,
751 1713 972 1780 convalescere
991 1715 1179 1799 inciperem·

261 1806 468 1906 Quantopere
488 1818 632 1882 animum
652 1843 765 1887 meum
780 1820 854 1887 illae
873 1825 1119 1907 commoverint,
1146 1844 1227 1889 ver-

173 1915 224 1989 bts
244 1923 424 2008 exprimere
441 1921 527 1991 haud
544 1946 687 2016 possum.
733 1927 823 2021 Quid
847 1933 935 1996 enim
953 1951 1097 2015 unquam
1116 1929 1227 1998 hono-

173 2026 346 2096 rificentius
367 2030 532 2125 obtingere
550 2035 631 2101 mihi
650 2048 785 2123 poterat,
805 2058 903 2124 quam
929 2041 1061 2106 evocari
1085 2036 1127 2102 ad
1152 2062 1226 2104 mn-

173 2157 245 2218 nita,
253 2135 403 2220 Erpenii‚
422 2137 518 2217 Golii,
531 2138 804 2204 Schultcnsiorum
816 2143 1226 2231 nominibusnobiiitctum‚

173 2256 207 2311 et
225 2247 354 2311 evocari
379 2243 587 2326 Schrocdero,
614 2267 709 2330 quem
738 2246 859 2309 dudum
879 2269 998 2328 omncs,
1019 2249 1078 2333 qni
1098 2248 1227 2312 litteras

178 2352 367 2422 Orientaies
392 2352 511 2435 colunt,
543 2363 580 2414 ut
603 2352 786 2439 principem
814 2345 1010 2436 suspiciunt,'
1036 2353 1226 2438 interprete,

172 2474 215 2549 et,
233 2463 262 2526 si
280 2482 352 2551 non*
367 2456 611 2524 commendante
631 2480 696 2543 me,
716 2473 800 2526 certe
819 2482 879 2526 nec
898 2457 1123 2526 dissuadente?

131 2635 141 2655 ¹,
256 2568 306 2635 Ac
324 2589 412 2655 sane,
430 2570 459 2634 ei
478 2571 579 2632 animi
597 2569 755 2657 Impetum
774 2571 873 2656 sequi,
891 2572 920 2634 si
938 2590 1010 2634 mea
1024 2568 1225 2634 soiiuscom-

171 2678 272 2744 moda
291 2689 430 2764 spectare
449 2675 567 2764 velim,
595 2695 664 2741 uon
689 2679 811 2762 possim
837 2698 906 2744 non
936 2677 1050 2765 cupide
1075 2679 1224 2765 amplecti

170 2785 385 2848 conditionem
397 2805 519 2866 eu‚qua
534 2750 624 2845 ufic
634 2795 719 2864 ntor,
731 2783 821 2846 hund
829 2806 951 2868 parum
966 2783 1223 2867 luculentiorem,

170 2891 323 2977 illamque
342 2892 425 2956 mihi
440 2891 526 2956 haud
545 2895 665 2979 petenti
683 2894 822 2977 auspicm
842 2888 928 2954 haud
955 2890 1043 2955 maio
1072 2890 1224 2956 oblatam.

170 2998 234 3066 Sed
253 3022 289 3064 re
309 3002 401 3064 omni
419 2998 558 3063 multum
578 2998 696 3085 diuque
714 3001 839 3087 agitata,
859 2998 924 3062 duo
943 3002 1083 3064 maxime
1107 3021 1222 3084 super-

168 3129 236 3173 esse
259 3107 363 3194 νίᾶεο,
384 3129 464 3194 quae
481 3127 669 3195 suspensum
687 3128 742 3172 me
761 3119 880 3195 tenent,
907 3129 944 3172 ac
961 3107 1096 3174 mirifice
1121 3106 1222 3172 affici-

168 3228 237 3283 unt.
278 3215 409 3281 EtenIm
433 3217 578 3306 primum
607 3228 695 3281 tanto
724 3218 852 3282 muneri
875 3217 1059 3283 exornando
1084 3239 1139 3280 me
1163 3219 1221 3299 vix¹

165 3346 278 3412 parem
297 3330 416 3407 sentio;
437 3324 472 3386 in
486 3321 678 3386 Rabbinicis
690 3345 812 3408 parum
833 3333 991 3398 versatus,
1019 3322 1053 3385 in
1078 3322 1221 3389 Persicis

66 3500 68 3505 ,
145 3448 149 3465 ¹
172 3431 376 3518 Tizrcicisqne
387 3430 489 3514 plane
504 3427 628 3511 hospes,
650 3429 685 3491 in
703 3425 859 3489 Arabicis
874 3425 1001 3509 quidem
1018 3426 1135 3492 litteris
1154 3454 1219 3495 me·

164 3540 319 3605 diocriter
338 3538 536 3602 exercitatus
549 3559 631 3620 sum,
646 3554 706 3599 nec
718 3543 828 3596 tamen
846 3528 894 3592 ita
913 3528 948 3590 in
966 3528 1076 3593 iisdem
1090 3531 1214 3613 dubito,

161 3656 199 3709 ut
214 3667 298 3730 qnae
316 3641 443 3706 calamo
459 3651 600 3704 exoratu
620 3641 696 3721 sint,
722 3633 832 3700 omniu
856 3633 1005 3719 expedite
1024 3657 1216 3722 cognoscere

163 3752 303 3833 culeum,
320 3771 393 3813 cum
415 3748 660 3842 tractandorum
680 3743 836 3822 codicum,
852 3748 987 3825 practer
999 3759 1134 3823 paucos,
1156 3743 1215 3826 qni

159 3877 257 3941 penes
276 3876 328 3916 me
340 3864 426 3934 sunt,
446 3852 687 3937 opportunitate
700 3844 799 3926 omni,
817 3865 861 3907 ea:
875 3843 987 3927 quoin
999 3845 1145 3926 patrium
1168 3847 1213 3910 vi·

155 3959 245 4046 'ginta‘
258 3959 400 4044 quinque
413 3957 531 4021 abhinc
546 3956 643 4020 aureis
656 3953 749 4036 redii,
764 3948 887 4039 luerim
906 3947 1085 4013 destitutus.
