2776 5124
161 407 181 468 8
439 407 642 490 Enrroats
683 407 930 482 Prarrlrro.

161 589 214 636 sus
231 569 289 658 fui,
309 574 358 655 uti
374 594 445 637 mos
465 569 521 663 est,
540 577 575 640 in
597 577 741 642 scholam
760 579 1018 673 Mulifontanam,
1038 608 1119 674 quae
1137 593 1213 658 Ab.

160 673 268 745 batem
286 693 357 746 tum
376 679 512 746 habebat
530 682 562 747 b.
577 683 871 775 Haurrrucnrrmr,
882 690 1074 776 professores
1081 697 1213 767 Lauar-

162 805 223 875 nn,
239 810 326 854 nunc
343 812 369 858 s.
389 813 464 859 ven.
476 791 638 860 Abbatem
651 794 933 886 Regiofontanum,
946 798 1213 897 etSrarrorrmr,

161 897 271 966 virum
294 904 434 965 mardme
463 925 532 970 rev.
561 925 598 966 ac
623 904 784 992 celeberr,
813 911 868 992 qui
888 911 1066 976 etiamnum
1084 915 1211 982 scholae

160 999 244 1069 illius
263 1006 422 1093 singulare
441 1008 535 1077 decus
556 1026 602 1078 est
620 1027 714 1101 atque
731 997 968 1084 ornamentum.
1007 1020 1049 1085 In
1062 1022 1216 1089 hancde-'

161 1111 237 1177 inde
253 1113 428 1182 litterarum
449 1124 690 1188 universitatem
709 1136 876 1211 promotus
895 1147 947 1190 an.
967 1126 1032 1193 LX
1051 1132 1086 1194 in
1106 1132 1217 1218 philo-

162 1220 299 1306 sophicis
319 1228 466 1317 scientiis,
486 1243 612 1317 praeter
631 1232 931 1300 Lonnrscnromun
947 1249 979 1301 et
994 1237 1217 1308 Hornauunrr

163 1333 231 1395 vita
249 1334 315 1418 jam
335 1334 506 1426 defimctos,
525 1353 743 1429 praeceptores
762 1339 860 1404 habui
879 1364 933 1408 eos
953 1346 1039 1431 ipsos
1054 1346 1217 1433 professo-

163 1458 214 1502 res
232 1442 435 1509 excellentiss.
454 1459 548 1532 atque
568 1448 783 1536 doctissimos,
816 1452 871 1537 qui
898 1451 1000 1516 adhuc
1019 1457 1218 1524 academiam

164 1559 309 1612 nostram
329 1570 445 1620 ornant
465 1569 496 1619 et
513 1556 685 1644 illustrant,
712 1579 779 1622 exc.
813 1580 932 1645 nempe
961 1559 1217 1654 Proucourrnn,

71 1717 73 1722 ,
164 1677 198 1744 p.
210 1669 233 1723 t.
244 1658 387 1731 Prorect.
405 1665 625 1754 magnificum,
647 1688 672 1732 s.
690 1663 971 1754 venscnonma,
984 1671 1218 1753 echrrsmn,

165 1793 191 1839 s.
210 1795 287 1842 ven.
303 1773 500 1839 Uamrnnn
519 1786 551 1837 et
569 1795 595 1840 s.
617 1775 693 1839 ven.
710 1772 873 1838 Baummr
881 1819 893 1860 ,
921 1776 1034 1861 quihus
1054 1791 1084 1844 et
1103 1785 1219 1866 gratias

165 1902 227 1968 ago
248 1885 456 1970 amplissimas
476 1903 536 1968 pro
556 1885 708 1966 maxima,
728 1901 791 1965 qua
810 1903 864 1944 me
885 1894 954 1944 tum
974 1887 1132 1971 complexi
1144 1889 1219 1952 fue-

166 2005 262 2079 runt,
288 2005 320 2056 et
346 1994 448 2072 adhuc
466 1993 737 2079 complectuntur,
763 1989 1004 2079 benevolentia,
1033 2008 1063 2058 et
1083 1997 1218 2063 salutem

166 2121 342 2185 veramque
361 2105 603 2188 prosperitatem
626 2124 665 2164 ex
692 2104 802 2164 animo
828 2121 951 2186 precor.
1005 2101 1080 2166 Fuit
1110 2118 1218 2170 autem

166 2205 247 2271 illud
258 2213 404 2295 inprimis
413 2209 493 2273 mihi
504 2204 787 2295 perhonorificum,
804 2207 890 2294 quod
899 2229 925 2276 s.
934 2223 1009 2276 ven.
1024 2209 1218 2304 Uaramus,

166 2335 293 2382 novum
311 2339 429 2381 munus
450 2317 586 2382 docendi
603 2315 768 2382 historiam
783 2321 995 2402 auspicaturus
1008 2312 1217 2405 disputatione

166 2426 303 2517 publica,
322 2428 384 2493 hoc
402 2427 482 2493 mihi
501 2431 550 2492 sul
569 2450 644 2514 erga
663 2448 717 2514 me
734 2426 854 2492 favoris
873 2429 1002 2511 signum
1028 2426 1114 2490 dedit
1131 2427 1218 2492 haud

127 2601 133 2610 ,
168 2535 313 2627 dubium,
330 2551 365 2604 ut
384 2535 602 2624 respondentis
621 2547 725 2623 partes
744 2533 825 2598 mihi
845 2534 1041 2620 concederet,
1062 2539 1148 2621 cujus
1169 2541 1218 2601 rei

168 2652 327 2714 memoria
351 2668 419 2714 non
445 2659 550 2732 potest
579 2667 647 2709 non
674 2642 756 2708 mihi
783 2664 849 2707 esse
868 2641 964 2728 longe
983 2643 1218 2728 jucundissima.

168 2754 305 2841 Exacto,
333 2753 419 2842 quod
438 2753 662 2840 philosophicis
687 2751 796 2817 studiis
825 2752 1013 2816 destinatum
1040 2776 1106 2817 esse
1133 2754 1218 2839 apud

169 2885 230 2930 nos
249 2862 338 2950 solet,
357 2841 498 2947 biennio,
519 2865 625 2947 accepi
643 2883 695 2925 an.
715 2861 814 2926 LXII
834 2859 873 2924 ab
894 2860 1089 2946 ampIIssirno
1105 2864 1218 2928 ord1ne
1245 2845 1247 2849 ,

168 2991 314 3036 summos
332 2975 366 3034 in
387 2970 586 3056 philosophia
604 2972 760 3057 honores,
790 2982 883 3055 atque
910 2973 946 3032 in
970 2973 1040 3054 ipso
1068 2984 1139 3034 actu
1161 2994 1218 3036 so-

168 3078 258 3146 leuui
272 3078 313 3142 ad
327 3083 441 3165 gratias
460 3101 534 3143 meo
553 3083 776 3166 sociorumque
790 3083 933 3166 nomine,
952 3080 1036 3142 inter
1051 3101 1130 3164 quos
1148 3084 1219 3166 pri-

170 3207 264 3251 mum
278 3184 387 3251 locum
402 3185 614 3276 obtinueram,
634 3188 772 3277 agendas
790 3191 967 3253 orationem
988 3185 1112 3273 publice
1134 3192 1220 3253 reci-

112 3290 137 3311 ’“
171 3297 249 3360 tavi.
892 3292 894 3296 ⁴

255 3404 334 3468 Jam
350 3406 482 3471 eumad
496 3405 689 3495 theologiam
710 3430 765 3473 me
786 3416 1017 3491 converterem,
1035 3425 1219 3490 nomenque

87 3501 91 3509 ⁵
172 3519 208 3582 in
223 3514 363 3581 indicem
381 3537 506 3603 eorum,
526 3522 581 3602 qui
599 3507 739 3603 theolog.
765 3514 868 3580 studia
889 3513 1097 3596 aemulantur,
1116 3514 1218 3578 refer-

173 3645 262 3709 rem,
283 3623 456 3690 felicissime
474 3625 596 3713 accidit,
607 3639 643 3689 ut
654 3625 774 3688 ordinis
793 3620 968 3689 venerandi
981 3620 1130 3711 Decanus
1147 3633 1217 3684 tum

172 3747 253 3798 esset
279 3739 331 3802 vir
351 3756 377 3800 s.
392 3757 461 3800 rev.
478 3733 534 3800 Jo.
555 3733 714 3799 Gorrmur
734 3731 854 3815 Furi,
881 3728 1018 3817 theolog.
1042 3744 1112 3794 tum
1133 3734 1217 3818 prof.

174 3842 363 3930 ordinarius,
378 3848 444 3929 jam
458 3841 668 3928 Stuttgardiae
684 3846 719 3906 in
732 3839 777 3905 ill.
790 3852 900 3904 senatu
917 3839 1121 3904 ecclesiastico
1136 3864 1217 3907 con-

168 3952 320 4039 siliarius,
346 3952 494 4030 ecclesiae
518 3949 783 4037 metropolitanae
798 3952 938 4034 antistes,
972 3963 1004 4013 et
1028 3957 1212 4021 monasterii
