2776 5124
130 1174 168 1195 ⁴·
267 1159 431 1228 Celebrari
451 1159 554 1246 coepit
573 1158 692 1242 denuo,
720 1160 781 1227 hac
797 1164 865 1252 ipsa
884 1176 984 1231 aetate
1004 1178 1126 1258 nostra,
1153 1171 1233 1238 liber

179 1272 246 1338 fere
265 1273 356 1337 nullo
374 1281 445 1335 ‘non
463 1283 608 1355 tempore
629 1266 817 1356 celebratus,
846 1274 901 1357 qui
920 1271 1005 1338 haud
1019 1298 1085 1342 uno
1099 1284 1232 1344 nornine

180 1385 286 1469 venit,
307 1380 399 1447 nobis
419 1392 525 1444 autem
539 1401 626 1444 nunc
640 1378 760 1442 dicatur
774 1379 879 1441 Liber
898 1381 1017 1446 Veteris
1034 1385 1232 1470 Sapientiae.

179 1490 347 1577 Repetitur
366 1489 419 1553 hic
442 1483 539 1569 liber,
569 1487 681 1551 saltem
700 1485 774 1550 libri
793 1486 925 1575 fundus,
954 1511 993 1554 ex
1013 1489 1107 1555 India
1127 1497 1233 1557 orien-

177 1600 247 1686 tali,
275 1611 306 1663 et
324 1598 423 1663 fertur
442 1600 509 1682 ejus
530 1608 639 1659 auctor
657 1593 870 1658 Brakmanus
885 1597 1020 1680 aliquis,
1045 1594 1232 1662 Visclrnu-

179 1709 338 1791 Sarman,
379 1708 434 1792 qui
463 1704 541 1768 olim
569 1693 726 1789 scripsisse
758 1725 833 1766 eum
860 1703 1045 1790 perhibetur
1072 1707 1108 1769 in
1134 1729 1230 1772 usum

174 1813 319 1879 filiorum
338 1806 530 1878 monarchae
549 1811 679 1897 alicujus
698 1798 817 1900 indici,
841 1815 940 1899 ipsius
961 1813 1142 1900 disciplinae
1161 1828 1230 1879 tra-

177 1925 335 2009 ditorum,
367 1922 477 2008 lingua
490 1903 719 2006 samaritica,
745 1923 880 1983 nomine
901 1918 1133 2004 Hitopartislra,
1154 1920 1187 1987 b.
1203 1945 1232 1989 e.

174 2033 333 2097 Institutio
348 2031 501 2095 salutaris.
541 2027 687 2115 Dignum
703 2048 777 2089 eum
792 2026 944 2112 judicavit
959 2050 1055 2113 quem
1068 2052 1106 2111 er
1120 2028 1230 2096 Sams-

173 2120 287 2206 luitico
317 2143 352 2203 in
378 2137 553 2224 Anglicnm
582 2157 767 2200 sermonem
795 2135 978 2200 transferret
992 2199 999 2221 Ι,
1007 2135 1230 2206 celeberrimus

178 2245 372 2308 Gnilielmus
390 2243 503 2326 Jonas,
537 2256 568 2308 et
587 2246 695 2307 locum
717 2243 853 2308 obtinuit
877 2243 955 2308 haec
969 2248 1076 2312 versio
1092 2250 1127 2310 in
1143 2249 1229 2332 ejus-

173 2352 248 2415 dem
273 2333 425 2439 operum,
466 2352 608 2417 Londini
634 2373 719 2416 anno
745 2358 824 2421 1799
850 2350 1025 2438 editorum,
1060 2352 1228 2420 volumine

171 2472 273 2527 sexto.
322 2458 424 2546 Copia
453 2474 561 2525 autem
592 2461 673 2525 facta
702 2444 833 2527 antehac
860 2482 945 2525 anno
979 2466 1056 2528 1787
1086 2461 1229 2527 Londini

170 2568 275 2631 editae
293 2571 448 2635 versionis
460 2556 620 2659 anglicae,
640 2571 800 2657 profectae
819 2591 839 2633 a
857 2568 977 2632 Carolo
1000 2567 1155 2653 Willins,
1177 2581 1229 2633 at-

162 2699 234 2763 ,que
254 2676 332 2741 haec
353 2681 420 2743 sine
440 2702 534 2770 mora
557 2684 592 2745 in
614 2679 772 2768 Gallicam
792 2679 936 2766 linguam
955 2678 1121 2750 transfusa.
1250 2660 1253 2665 ¹

252 2785 373 2850 Saeculi
398 2789 484 2874 quod
510 2807 597 2854 nunc
622 2793 725 2878 agitur
740 2810 835 2866 anno
858 2799 974 2872 quarto
996 2786 1076 2850 liber
1096 2808 1134 2851 eo
1154 2788 1224 2874 ipso

164 2894 222 2980 qui
242 2901 377 2959 auctoris
397 2909 464 2961 erat
484 2919 649 2984 sermone,
677 2896 898 2980 Samskritico,
919 2915 1081 2980 expressus
1103 2907 1148 2958 est
1167 2907 1223 2982 ty-

166 3006 216 3086 pis
238 3002 325 3066 dictis
340 3005 560 3091 Devanagari,
584 3017 614 3069 et
638 3005 738 3069 editus
751 3007 787 3069 in
801 3004 880 3068 urbe
896 3000 1070 3089 Serampitr
1084 3006 1119 3067 in
1134 3004 1224 3068 Ben-

164 3111 264 3197 galia,
285 3125 414 3175 curante
433 3111 556 3199 Anglo,
583 3111 709 3198 Corcy,
729 3113 951 3198 Missionari0,
970 3110 1132 3198 praefante
1148 3111 1222 3174 An-

165 3222 220 3308 glo
240 3209 320 3308 aliu,
346 3219 555 3285 Colebroole.
595 3218 694 3287 Nova
714 3219 810 3285 editio
827 3221 908 3284 facta
928 3221 964 3284 in
983 3219 1120 3306 Anglia,
1141 3242 1222 3306 quae

167 3329 310 3394 Londini
329 3349 451 3393 nornen
471 3339 502 3391 et
519 3349 641 3392 annum
665 3333 744 3392 1810
763 3350 840 3416 prae
857 3352 891 3395 se
910 3328 985 3416 fert,
1015 3341 1143 3392 curante
1161 3329 1219 3394 illo

167 3441 224 3523 qui
244 3436 462 3501 Samskriticas
488 3436 605 3501 litteras
631 3433 798 3522 profitetur
819 3435 852 3498 in
876 3432 1020 3521 Collegio
1048 3434 1221 3525 Orientali,

164 3544 252 3625 quod
272 3553 318 3604 est
339 3542 372 3604 in
392 3541 521 3626 Anglia
543 3543 577 3605 in
598 3541 857 3630 Ηαίἰεγ-Βιινγ.

139 3702 149 3718 ,
185 3704 191 3718 .
248 3648 351 3713 'Aliter
371 3647 501 3734 quidem
518 3651 624 3713 statuit
642 3652 872 3718 versatissimus
890 3653 925 3717 in
941 3652 1146 3720 orientalibus
1166 3654 1222 3720 lit-

162 3758 254 3846 teris,
273 3763 326 3826 vir
339 3757 542 3844 perillustris,
562 3755 724 3820 Hearicns
739 3756 925 3822 Fridericas
942 3782 1005 3824 von
1016 3760 1118 3844 Diei,
1137 3769 1221 3853 regis

197 3947 228 4015 *)
246 3943 394 4002 boemani
407 3944 594 4000 Bibliotheca
611 3941 727 4000 Orient.
740 3946 821 4000 Tam.
831 3945 883 4004 111.
897 3946 960 4004 P.1.
972 3965 1000 4020 p.
1010 3954 1059 4010 223
1074 3948 1104 4004 in
1116 3953 1200 4014 Nota.
