2776 5124
186 451 251 523 244
271 448 383 533 0¹·11t
395 467 517 514 onnon
526 444 891 552 circumtenetur,
904 444 1161 535 WienDucn.

186 619 294 684 minus
318 637 352 685 te
377 635 493 703 cupere
512 614 713 702 evangelicae
731 612 890 683 formulae
912 611 1053 684 addictos
1073 637 1141 684 esse
1160 641 1243 688 vere

186 724 399 813 evangelicos.
419 761 463 780 ι·-
489 722 564 818 Qua
584 723 642 793 Ille
662 744 754 810 cura,
777 743 874 809 quam
893 720 1029 786 mirifico
1049 746 1086 788 ac
1105 747 1241 813 prorsus

185 837 338 923 singulari
363 834 467 901 studIo
491 833 655 920 amplexus
681 835 721 896 sit
741 828 942 916 Stipendium
962 851 1057 896 suum
1077 834 1243 925 theologi-

158 982 164 1022 ς
187 966 279 1032 cum,
308 965 382 1008 curu
403 945 443 1007 sit
461 940 591 1027 evidens
609 962 670 1005 nec
689 943 858 1027 quisquam
878 942 1013 1026 nesciat,
1041 948 1242 1030 expositione

154 1016 165 1098 ἱ·
184 1074 255 1136 non
275 1065 322 1118 est
341 1072 437 1137 opus,
456 1070 516 1114 nec
535 1051 609 1114 sinit
627 1071 682 1113 me
701 1047 795 1116 dolor
814 1045 900 1113 hisce
915 1047 1041 1135 longius
1058 1052 1240 1143 immorari,

185 1184 286 1249 quum
306 1165 451 1224 animum
471 1157 569 1222 subit:
590 1178 657 1222 non
676 1155 800 1224 licuisse
816 1159 954 1242 prIncipi
971 1159 1094 1241 optimo
1111 1162 1242 1247 incepta

185 1256 285 1356 opera
311 1265 503 1332 elaborando
527 1262 694 1352 perficere,
722 1277 813 1330 etex
831 1266 871 1328 iis
889 1265 966 1350 ipsis
986 1263 1122 1334 laetitiae
1140 1290 1237 1337 usum

181 1377 385 1464 fructumque
403 1373 634 1438 diuturniorem
652 1372 804 1457 recipere.

199 1552 201 1556 ,
266 1483 337 1549 Alii
366 1482 474 1547 multis
492 1482 547 1545 ille
566 1479 678 1546 flebilis
697 1477 825 1568 occidit,
850 1481 958 1566 paucis
977 1476 1115 1556 flebilior
1134 1507 1236 1572 quam

147 1591 152 1648 ἶ
182 1591 282 1678 mihi,
310 1594 366 1681 qui
390 1611 458 1656 non
483 1602 629 1676 poteram
653 1608 722 1652 non
746 1587 833 1652 Eum
850 1587 957 1654 salutis
977 1611 1068 1657 meae
1087 1592 1237 1659 fortuna.

178 1722 319 1788 rumque
346 1702 497 1764 omnium
523 1712 703 1782 auctorem,
738 1707 866 1781 praeter
893 1695 1019 1787 Deum²
1051 1722 1171 1770 verum
1198 1725 1235 1767 ac

183 1812 315 1874 unicum
334 1809 493 1896 suspicere
510 1819 604 1891 atque
623 1809 783 1873 venerari.

264 1916 378 2004 Have,
398 1915 476 1984 diva
494 1920 616 2004 anima,
634 1919 670 1980 in
689 1927 880 2002 perpetuum
899 1913 983 1984 have
1002 1929 1098 2006 atque
1115 1919 1207 1997 valet

264 2015 341 2092 Duo
367 2038 457 2106 sunt,
485 2045 566 2111 quae
591 2028 738 2112 mitigare
764 2023 885 2087 luctum
910 2037 943 2090 et
963 2047 1150 2093 moerorem
1171 2051 1232 2095 no·

180 2148 284 2204 strum
309 2147 342 2200 et
365 2137 487 2224 possint
509 2148 542 2201 et
566 2135 711 2200 debeant.
757 2132 925 2220 Primum,
955 2135 1044 2220 quod
1063 2135 1156 2204 Deus
1176 2152 1229 2224 est,

181 2247 239 2332 qui
255 2247 365 2309 omnia
379 2244 582 2331 moderatur,
601 2247 654 2309 cui
669 2242 820 2328 refragari
835 2240 1074 2330 advertarirsoe,
1096 2259 1128 2311 et
1144 2245 1229 2333 quod

181 2354 244 2438 ipsi
268 2351 386 2439 placet,
410 2373 478 2423 uon
500 2367 627 2439 gratum
653 2363 881 2437 acceptumque
905 2348 1037 2443 habere,
1065 2352 1155 2421 nefas
1182 2359 1228 2420 sit.

180 2457 347 2545 ¹Alterum,
376 2459 466 2545 quod
491 2459 690 2524 dulcissimae
715 2464 835 2546 patriae
860 2457 1123 2546 gubernationem
1152 2466 1224 2527 uni*

180 2588 310 2642 versam
336 2571 371 2633 in
395 2589 430 2634 te
447 2572 584 2655 erumpit
601 2566 827 2634 fierenissimus
845 2564 1029 2636 Ludoricur
1049 2568 1225 2660 Eugenius,

178 2678 326 2764 princeps
344 2679 605 2764 sapientissimus,
632 2681 915 2764 constantissimus,
946 2678 1223 2770 clementissimus,

178 2786 269 2872 cujus
293 2783 416 2848 dudum
434 2783 568 2870 proheta
584 2782 710 2856 affectio
726 2789 866 2873 optimae
886 2782 1057 2853 voluntatis
1075 2799 1107 2850 ct
1125 2809 1224 2874 gene-

176 2912 269 2958 rosae
294 2890 519 2959 henefioeutiae
542 2906 655 2959 natura
674 2915 744 2961 uon
764 2893 863 2960 modo
883 2893 1020 2959 tuebitur
1040 2907 1072 2958 et
1092 2916 1223 2960 conser-

177 2997 267 3067 vabit
288 3020 402 3064 curam
419 2999 609 3088 reipublicae
630 3005 665 3068 in
687 3022 720 3066 ee
740 3000 933 3087 derivatam,
963 3003 1104 3087 itemque
1126 3023 1222 3090 prae·

81 3181 83 3184 Α
175 3108 260 3176 clara
284 3111 319 3172 in
342 3107 539 3174 academiam
563 3106 646 3174 hanc
669 3111 805 3199 patriam
828 3108 941 3172 collata
965 3107 1137 3197 beneficia,
1169 3110 1222 3176 sed

176 3216 304 3304 augebit
318 3220 415 3281 etiam
429 3230 523 3305 atque
537 3214 741 3305 amplificabit
754 3216 866 3284 favore
881 3238 938 3283 suo
955 3229 987 3281 et
998 3223 1094 3284 novis
1109 3223 1221 3282 muni-

174 3323 319 3390 ficentiae
338 3346 414 3390 suae
432 3328 636 3414 argumentis.
684 3323 782 3395 Hune
798 3329 911 3413 igitur,
939 3346 1038 3412 quem
1053 3323 1145 3392 Deus
1162 3350 1220 3417 pa-

170 3438 250 3498 triae
268 3432 399 3518 largitus
416 3447 475 3516 est,
492 3437 673 3522 principem
688 3434 781 3501 omni
798 3435 963 3502 voluntate
980 3435 1221 3524 amplectimur,

168 3540 244 3607 huic
262 3563 322 3606 nos
338 3555 507 3630 nostraque
524 3548 631 3607 omnia
646 3543 801 3610 tradimus
819 3541 1159 3630 commendamusque.

252 3649 318 3713 Hic
335 3662 371 3713 ut
385 3650 493 3715 Deum
505 3655 680 3737 propitium
695 3649 755 3716 sibi
768 3650 894 3738 habeat,
910 3667 947 3716 ut
961 3652 1101 3738 feliciter,
1125 3675 1219 3739 pros·

168 3779 258 3846 pere,
281 3759 453 3844 fortunate,
473 3771 509 3823 ut
523 3758 707 3846 longissimo
724 3771 869 3846 tempore
885 3758 979 3824 rebus
991 3765 1108 3825 nostris
1121 3784 1217 3849 prae-

138 3952 140 3956 Α
165 3872 224 3954 sit,
243 3880 278 3933 ut
292 3879 363 3932 sero
379 3871 413 3933 in
424 3867 548 3933 coelum
561 3868 683 3956 redeat,
704 3867 929 3935 ardentissimis
945 3872 1029 3938 votis
1046 3892 1086 3935 ex
1103 3875 1214 3936 auimo

132 4043 133 4047 ,
160 3999 339 4064 precamur.
824 4058 826 4063 ,

314 4091 321 4103 a
483 4076 486 4081 ’
587 4061 814 4090 ’““““.”“’··“·
