2776 5124
408 486 561 557 rouruua.
580 489 774 556 scrumosus.
979 487 984 498 ·
1070 480 1126 541 197

74 653 142 699 nna
166 632 314 700 mercede
339 646 429 722 pacta
455 637 651 722 promisisset
669 649 820 722 nepotem
844 635 884 702 ad
904 639 1006 703 studiat
1025 638 1127 726 alere,

74 761 152 806 suae
179 753 289 808 tamen
316 745 365 808 rei
390 765 488 829 quam
514 746 606 828 pueri
626 745 815 832 studiosior,
839 745 924 810 hunc
946 748 1013 812 aliIs
1032 761 1127 834 atque

73 849 145 915 aliis
170 848 329 916 laboribus
354 849 444 914 domi
466 850 650 937 adhibebat,
686 856 826 918 maxime
846 853 973 939 opificio
994 858 1131 921 scrinia·‘

72 961 134 1044 rio,
155 970 201 1044 ut,
221 981 295 1022 curn
315 957 453 1023 interdiu
466 958 576 1025 litteris
590 982 659 1026 non
673 973 778 1047 posset
791 983 906 1029 vacare
919 985 1008 1050 puer,
1028 976 1133 1027 noctu>

72 1066 130 1133 vel
156 1065 197 1130 ad
225 1066 386 1154 candelas,
416 1090 494 1154 quas
518 1091 576 1133 suo
601 1069 661 1135 sibi
686 1091 919 1157 nonnunquam
939 1092 1011 1136 aere
1030 1093 1125 1135 com-

72 1175 221 1266 parabat,
242 1178 296 1245 vel
317 1178 357 1242 ad
376 1178 471 1244 lunae
490 1179 594 1244 radios
613 1200 750 1266 pensum
770 1201 864 1244 suurn
880 1192 1011 1244 tractare
1027 1201 1125 1265 coge-
1236 1184 1238 1199 '

71 1297 172 1352 retur.
213 1284 253 1348 Id
273 1308 353 1353 vero
372 1289 467 1352 unice
487 1287 598 1373 agebat
617 1287 806 1374 avunculus,
833 1300 869 1352 ut
888 1310 1042 1374 puerum,
1063 1286 1124 1349 ab-

69 1402 224 1455 stractum
247 1398 372 1480 penitus
399 1417 418 1459 a
438 1395 532 1481 ludo,
559 1418 617 1461 suo
638 1401 766 1482 negotio
785 1408 889 1460 totum
910 1399 1122 1481 manciparet,

68 1497 247 1586 faceretque
269 1507 478 1568 scriniarium.
519 1507 561 1570 Et
580 1510 685 1591 paruit
704 1509 817 1592 miser,
845 1509 1024 1591 jurgiorum
1044 1527 1124 1572 ver-

70 1607 249 1696 berumque
268 1625 442 1702 pertaesus,
463 1616 628 1701 coepitque
650 1619 795 1702 gnaviter
814 1626 916 1679 artem
936 1611 1072 1676 ediscere
1090 1622 1123 1675 et

70 1739 226 1784 exercere.
271 1719 335 1785 Sed
361 1721 434 1785 Deo
462 1723 553 1786 aliter
579 1725 704 1809 visum,
734 1725 821 1809 cujus
848 1725 983 1809 imperio
1011 1721 1121 1782 omnia

68 1821 212 1892 subsunt.
266 1827 299 1891 Is
332 1833 479 1897 excitavit
510 1834 620 1900 virum
650 1831 790 1918 aliquem
817 1830 957 1915 bonum,
996 1826 1121 1892 scholae

69 1928 364 2020 Rothsnburgensts
379 1937 549 2025 collegam,
570 1941 625 2024 qui
636 1938 720 2002 ultro
734 1939 900 2003 hominem
913 1935 1003 2024 adiit,
1024 1956 1121 1999 eum·-

70 2059 144 2126 que,
163 2041 284 2104 malam
304 2041 404 2107 fidem
424 2047 634 2131 exprobrans,
660 2047 704 2106 ita
725 2043 831 2111 verbis
851 2051 976 2132 terruit,
1003 2055 1039 2106 ut
1056 2063 1120 2108 ne-

66 2159 179 2232 potem
199 2172 238 2212 ex
258 2172 367 2216 sorore
386 2164 459 2237 post
476 2155 634 2216 trimestre
655 2151 721 2217 fere
741 2172 839 2238 quam
858 2151 1119 2214 scriniariae'ini-

65 2260 160 2320 tiatus
180 2257 297 2344 fuerat,
318 2258 463 2324 redderet
482 2259 618 2326 scholae.
658 2258 817 2345 Receptus
837 2258 890 2322 hic
907 2279 994 2325 nunc
1013 2268 1060 2320 est
1077 2252 1117 2317 ab

66 2377 183 2450 agnato
203 2365 309 2450 aliquo
330 2369 457 2438 mitiore
477 2389 514 2431 ac
532 2365 708 2453 benevolo,
734 2379 764 2430 et
785 2371 879 2452 gratis
899 2364 1046 2452 quidem,
1066 2374 1119 2426 at-

67 2494 132 2557 que
153 2477 248 2536 etiam
267 2472 325 2537 filii
344 2474 416 2538 loco
436 2474 576 2561 habitus,
596 2488 645 2562 ut,
667 2473 754 2561 quod
774 2495 877 2544 unum
896 2494 1023 2559 semper
1040 2492 1117 2535 exo-

66 2593 214 2666 ptaverat
242 2584 344 2644 otium
371 2582 459 2649 libris
485 2584 659 2670 litterIsque
685 2582 845 2664 dandum,
872 2603 959 2646 nuno
986 2579 1118 2644 demum

65 2691 242 2779 inveniret,
272 2689 357 2776 apud
383 2704 534 2778 agnatum
552 2692 873 2778 indulgentissimum.
913 2688 1014 2756 Brevi
1031 2705 1120 2752 nuno

66 2799 113 2863 ita
131 2799 264 2886 proiecit
282 2800 317 2862 in
337 2800 464 2885 studiis,
491 2812 611 2872 utnon
636 2801 732 2864 latine
751 2812 876 2864 tantum
895 2797 1044 2863 scriberet
1061 2796 1117 2862 sed

67 2919 100 2971 et
119 2889 247 2994 graece,
269 2919 301 2970 et
319 2909 402 2970 inter
422 2919 559 2972 caeteros
577 2907 703 2973 scholae
724 2907 892 2995 discipulos
911 2909 1076 2970 emineret.

151 3016 301 3081 Scholam
326 3013 646 3103 Rothenburgensem
671 3015 798 3104 regebat
821 3028 898 3079 tunc
923 3013 971 3076 Μ.
995 3011 1115 3101 Georg.

65 3124 316 3190 Burckhardtus.
346 3123 410 3188 Hic
423 3122 606 3210 Tubingam
624 3136 753 3191 vocatus
774 3144 859 3188 anuo
881 3127 959 3192 1575
980 3121 1022 3189 ad
1036 3143 1117 3208 pro-

65 3236 237 3299 fessionem
263 3232 486 3323 Dialecticam,
522 3253 562 3296 ex
593 3251 729 3296 numero
757 3229 985 3318 discipulorum
1012 3251 1116 3296 unum

66 3343 264 3427 Miillerum,
293 3345 381 3427 cujus
402 3343 531 3430 iugenio
551 3339 685 3406 mirifice
706 3338 931 3424 delectabatur,
964 3339 1116 3406 comitem

66 3453 187 3514 itineris
213 3450 273 3513 sibi
299 3448 428 3537 delegit,
461 3464 494 3516 et
518 3449 652 3539 dignmn
676 3448 844 3538 judicarit,
876 3450 912 3514 in
931 3469 995 3536 quo
1016 3465 1114 3515 exeo*

64 3559 163 3626 leudo
182 3558 400 3644 Tubingensos
420 3581 552 3646 operam
574 3558 774 3624 collocarent.
893 3567 895 3571 '
1013 3556 1015 3562 '

151 3667 215 3733 Sed
244 3665 457 3752 Tubingensis
488 3665 686 3732 academicus
718 3663 810 3733 brevi
839 3669 935 3734 novis
965 3665 1117 3752 angustiis

66 3778 265 3862 summisque
290 3775 442 3840 molestiis
467 3796 591 3860 pressus
615 3788 671 3840 est.
699 3773 885 3862 Neglectus
910 3777 1029 3859 asnis,
1056 3790 1152 3836 err·-¹

65 3897 152 3950 tems
172 3884 225 3948 hic
242 3883 358 3971 homo,
375 3903 446 3949 non
464 3880 599 3947 habebat
617 3905 681 3971 quo¹
701 3888 803 3952 vitam
821 3895 1017 3950 sustentaret.
1043 3877 1114 3946 sta-

66 3994 127 4060 tuit
145 4013 241 4080 rem,
260 4004 400 4060 extrema
420 3993 530 4060 omnia
547 4003 621 4060 ante
640 3997 793 4082 experiri,
814 4015 912 4081 quam
926 3991 1036 4058 litteris
1052 4011 1115 4060 va-
