2776 5124
349 433 416 478 cuu
437 412 654 480 Purnnucnrs
676 432 807 479 ananus
828 411 1081 482 Consrunrmor.
1175 418 1232 481 117
1315 489 1316 492 Ἴ

182 576 305 640 lacbius
324 575 501 666 theologiae
521 599 592 642 eam
614 599 747 663 operam
767 577 868 662 dedit,
887 600 954 644 uon
973 579 1120 666 neglectis
1136 582 1232 643 etiam

179 683 255 747 Jue.
283 685 430 770 Schegtii
455 684 716 773 praelectionibus
736 684 958 765 Aristotelicis,
996 700 1031 753 ut
1062 689 1232 772 constanti,

178 793 338 876 pertinaci
363 793 467 858 studio
492 793 576 858 illius
596 792 747 858 colendae
771 797 806 856 in
825 792 883 855 hac
907 793 1082 879 academia,
1111 798 1145 857 in
1165 793 1231 859 Sti-

176 898 301 984 pendio
332 900 510 987 theologico
541 906 722 988 persisteret
749 921 852 965 annos
877 900 943 964 fere
970 924 1023 964 sex
1049 905 1231 988 continuos,

177 1004 285 1072 donec
305 1029 390 1073 anuo
411 1013 642 1096 septuagesimo
663 1013 756 1073 tertio
775 1006 927 1071 incideret
946 1007 1148 1088 inopinatum
1169 1008 1229 1070 iter

179 1109 578 1196 Constantinopolitunum
600 1118 729 1201 (1573).

264 1221 487 1286 Maximiliauo
506 1224 643 1288 secundo
665 1223 858 1309 Imperatori
877 1223 983 1290 visum
995 1235 1050 1301 est,
1066 1219 1227 1285 Constan-

175 1328 338 1415 tinopolin
377 1329 418 1393 ad
447 1329 615 1395 Sultanum
645 1339 769 1398 mittere
799 1333 971 1399 Oratorem
997 1352 1052 1396 seu
1071 1327 1227 1411 Legatum

174 1434 344 1503 Davidem
363 1435 521 1520 ngnud,
536 1437 689 1504 baronem
706 1439 901 1524 desonnelt,
920 1437 1079 1524 Styrium.
1107 1436 1170 1498 Hic
1184 1469 1227 1484 -

175 1547 228 1606 cui
247 1557 378 1629 patruus
396 1555 464 1606 erat
482 1543 537 1608 ille
557 1543 674 1609 Hmms
693 1547 851 1632 Ungnad,
883 1549 955 1632 qni,
975 1543 1095 1608 alienus
1114 1565 1133 1606 a
1153 1542 1226 1607 Ro-

174 1671 275 1714 mana
294 1650 435 1737 ecclesia,
463 1655 553 1715 cessit
572 1656 679 1737 patriis
699 1654 822 1719 sedibus
841 1668 872 1719 et
891 1653 932 1718 ad
951 1675 1010 1718 nos
1029 1651 1173 1717 Uracum
1192 1671 1226 1712 se

175 1761 313 1845 recepit,
343 1757 504 1844 librosque
531 1781 590 1845 per
616 1759 755 1828 Slavicas
781 1775 888 1851 gentes
915 1757 1146 1825 distribuendos
1173 1755 1226 1818 edi

174 1872 239 1934 suis
272 1866 425 1932 sumtibus
451 1872 575 1935 curavit
610 1867 663 1953 (cf.
690 1866 926 1936 Slaviscber
950 1859 1223 1931 Biicherdruck

175 1982 214 2040 iu
249 1974 538 2062 Wiirtemberg
570 1978 625 2039 im
663 1983 701 2042 16
728 1978 868 2043 Jahrh.
922 1977 997 2041 Ein
1029 1972 1222 2037 litterari-

173 2083 289 2150 sclter
310 2083 475 2147 Bericht
498 2106 576 2151 von
592 2083 799 2150 Christian
814 2085 968 2151 Friedr.
986 2081 1222 2162 Schnurrer,

172 2190 280 2258 Prof.
309 2215 352 2255 zu
378 2191 605 2276 Tiibingen.
638 2200 727 2261 1799.
749 2200 777 2259 8.
800 2218 833 2281 p.
847 2202 887 2274 43
906 2193 994 2281 sqq.)
1021 2226 1064 2243 -
1096 2208 1170 2250 cum
1191 2196 1223 2246 et

171 2302 239 2385 ipse
268 2313 362 2386 esset,
393 2304 498 2385 patrui
522 2305 681 2388 patrisque
707 2306 805 2366 instar
830 2302 1003 2385 Andreae,
1032 2291 1221 2381 evangelicis

170 2413 267 2474 sacris
295 2407 451 2494 addictus,
487 2418 627 2475 versatus
654 2413 762 2496 primo
787 2415 822 2473 in
845 2408 1017 2472 Academia
1033 2402 1221 2488 ,Witteber-
1252 2470 1254 2475 ,

171 2521 278 2604 gensi,
313 2516 427 2580 deinde
446 2519 542 2580 etiam
562 2520 596 2580 in
616 2517 829 2605 Tubingensi,
862 2523 950 2603 petiit
969 2539 988 2580 a
1007 2517 1099 2579 Duce
1117 2509 1221 2578 Wit-

171 2624 368 2711 tembergiae
388 2624 573 2710 LudovicO,
605 2624 682 2692 velit
699 2626 759 2690 sibi
776 2631 902 2689 mittere
921 2628 1074 2709 juvenem
1092 2616 1219 2684 theolo-

169 2757 249 2822 gum
277 2739 369 2819 piton
396 2734 603 2819 doctumque,
639 2755 703 2821 quo
733 2737 800 2820 ipse
830 2745 860 2796 et
887 2735 1052 2795 comitatus
1079 2738 1218 2792 uteretur

170 2847 393 2908 concionatore
414 2856 445 2907 et
464 2864 626 2907 sacrorum
646 2854 788 2907 curatore
819 2837 1048 2927 (Tagebuch
1068 2858 1101 2923 p.
1121 2832 1218 2916 162).

254 2951 363 3016 Nemo
392 2956 493 3036 aptior
520 2950 672 3036 singulari
699 2948 774 3013 buie
800 2971 951 3036 novoque
978 2947 1105 3011 muneri
1131 2945 1218 3010 visus

171 3057 321 3125 omnibus
340 3058 528 3146 Gerluclzio,
553 3065 587 3125 in
608 3082 672 3147 quo
692 3059 733 3122 ad
752 3070 888 3122 caeteras
907 3063 1038 3125 virtutes
1057 3050 1218 3116 accederet

170 3190 298 3254 quoque
317 3170 480 3230 maturitas
499 3181 530 3231 et
550 3168 679 3234 consilii
692 3171 881 3245 constantia3
910 3167 977 3252 ipse
995 3167 1101 3250 primo
1121 3177 1216 3221 recu-

170 3297 243 3342 sans
264 3274 307 3361 olJ
327 3278 504 3342 novitatem
523 3279 571 3340 rei
589 3288 621 3340 et
640 3275 826 3360 discrimen,
858 3287 982 3358 tamen,
1012 3290 1086 3332 cum
1105 3283 1215 3328 morae

169 3384 267 3456 locue
277 3366 344 3448 uon
365 3398 461 3471 esset,
479 3401 611 3473 urgente
634 3384 857 3467 cancellario,
877 3380 947 3448 Juc.
962 3377 1118 3442 Andreae
1125 3419 1136 3458 ,
1161 3371 1216 3456 qui

169 3494 254 3578 quod
281 3497 390 3556 animo
417 3493 542 3561 valebat
562 3495 693 3558 diceret:
719 3489 804 3557 filius
822 3491 850 3554 si
869 3488 929 3554 sibi
949 3499 1043 3571 esset,
1073 3489 1215 3567 impera-

168 3614 277 3666 turum
303 3623 336 3666 se
362 3605 440 3688 iter,
473 3593 559 3666 nunc
584 3602 680 3666 frater
706 3614 737 3663 et
756 3603 875 3662 amicus
895 3597 955 3662 sihi
974 3617 1047 3658 cum
1067 3595 1119 3670 sit,
1153 3586 1214 3650 ob-

166 3713 272 3775 testari
302 3731 335 3773 se
362 3723 394 3773 et
421 3709 604 3792 obsecrare,
640 3721 671 3773 et
699 3707 878 3771 accedente.
893 3707 1073 3768 auctoritate
1102 3696 1214 3790 Ducis²

168 3818 400 3902 obtemperavit
419 3819 503 3883 baud
523 3841 627 3904 aegre.
666 3817 817 3880 Prordma
839 3815 889 3878 die
903 3813 1074 3875 Dominicu
1088 3804 1212 3890 publice
1276 3863 1280 3879 ¹

164 3943 200 3989 ac
231 3925 414 3991 solemniter
441 3933 476 3992 in
504 3927 621 4013 templo
648 3925 808 3990 ordinatus
829 3925 963 4008 Deoque
990 3907 1212 3982 communibus
