2776 5124
163 437 221 501 188
446 429 506 498 Gr.
526 426 729 498 Buaxnanm
748 430 918 517 Exoarou,

160 605 205 669 cis
229 599 285 666 sed
308 599 443 685 privatis
468 600 563 659 etiam
591 619 665 663 cum
688 596 795 661 multis
816 614 896 679 quos
917 589 1007 664 domi
1028 590 1128 658 aleret
1146 595 1209 670 ‹lis-v

160 710 271 796 cipnlIs
293 721 324 771 et
344 705 595 792 convictoribus,
616 720 724 769 tamen
745 701 888 767 adbiberi
909 722 941 764 se
956 720 1066 786 passus
1084 716 1132 766 est
1144 717 1208 769 tam

158 818 267 884 multis
286 828 415 900 tamque
436 819 531 879 variis
551 818 665 900 operis,
686 827 722 877 ut
740 815 863 875 mirum
883 807 986 892 videri
1005 811 1117 896 possit,
1136 812 1216 884 σαφ’

159 927 232 991 dem
251 924 419 991 hominem
439 943 551 1009 parem
570 904 664 985 fnisse
685 919 845 1002 omnibus,

243 1068 450 1136 Scholarcbae
477 1069 635 1153 officium,
664 1069 804 1152 positmn
828 1067 863 1128 in
884 1061 1023 1150 regendo
1043 1063 1210 1153 Paedagoe

159 1185 213 1270 gio
240 1177 436 1259 academico,
468 1190 499 1240 et
522 1175 637 1242 scholis
656 1173 945 1260 Wiirtembergiae
965 1181 1137 1262 superioris
1161 1182 1210 1249 ine

160 1285 345 1376 spiciendis,
374 1288 467 1372 gessit
494 1283 535 1366 ad
557 1281 657 1368 finem
678 1286 762 1363 ritae
783 1305 881 1368 usque
903 1303 1029 1346 summa
1050 1283 1210 1372 diligentia

160 1410 194 1462 et
219 1393 300 1481 fide,
331 1414 400 1462 non
424 1396 492 1477 sine
519 1390 711 1475 quietudinis¹
736 1390 917 1476 dispendio,
947 1403 979 1454 et
1001 1410 1098 1479 saepe
1117 1396 1210 1475 etiam

121 1572 123 1587 Ι
162 1528 238 1571 cum
259 1504 440 1572 discrimine
459 1503 554 1566 vitae.
596 1497 681 1563 Cum
695 1504 799 1586 enim,
819 1520 860 1562 ne
874 1497 993 1572 deesset
1006 1499 1209 1561 academicae

160 1588 335 1704 juventuti,
362 1609 485 1676 scholas
509 1606 612 1671 obiret
632 1611 762 1672 nonnisi
781 1611 815 1671 in
836 1607 922 1670 feriis
943 1603 1211 1693 quadragesimale

82 1745 87 1752 ·
160 1717 413 1788 antecedentibus
439 1730 471 1779 et
491 1715 709 1803 sequentibus,
737 1717 1018 1785 inclementissimo
1039 1713 1150 1801 coe10‚
1178 1727 1210 1787 ut

160 1834 235 1898 anni
261 1832 386 1912 tempus
413 1823 491 1909 fert,
526 1828 587 1887 iter
607 1824 738 1888 faciebat
757 1847 814 1911 per
839 1825 918 1901 altos
945 1837 978 1903 et
995 1827 1130 1900 nivosos
1149 1822 1209 1893 Ab,

160 1959 251 2025 prum
266 1951 297 2000 et
312 1932 431 2022 Sylvae
452 1935 563 2016 nigrae
579 1945 718 2019 montes,
741 1931 903 2020 vallesque
918 1930 1095 2020 profundas
1107 1954 1212 2020 eques,

164 2045 309 2115 mira-stro
329 2033 438 2129 pedite
456 2045 543 2120 viam
564 2055 850 2135 praemonstrante.

246 2189 460 2255 Bibliothecae
477 2194 572 2252 etiam
587 2188 731 2275 publicae
744 2187 1068 2279 administrationem,
1089 2188 1135 2255 ob
1147 2192 1212 2256 sin-

165 2299 308 2389 gularem
339 2311 369 2362 et
394 2301 582 2382 exquIsitam
617 2319 679 2383 qua
708 2301 744 2362 in
770 2295 865 2363 rebus
893 2297 1043 2365 omnibus
1069 2299 1213 2372 utebatur

163 2430 290 2496 cetram,
310 2408 372 2481 sibi
391 2411 596 2488 commissam
616 2404 736 2479 habuit.

245 2561 399 2648 Negotia,
422 2582 501 2646 quae
522 2562 654 2623 nomine
675 2555 807 2622 Senatus
828 2555 998 2623 academici
1019 2557 1214 2646 expedienda¹

163 2689 199 2737 et
215 2676 249 2734 in
271 2668 389 2756 oppido
411 2681 442 2730 et
464 2667 548 2731 finis
569 2670 604 2730 in
624 2666 692 2729 aliis
712 2667 788 2732 locis
809 2683 914 2756 erant,
941 2674 1003 2756 ipsi
1021 2669 1213 2756 frequentis·

163 2787 244 2846 sime
262 2767 429 2842 commissa
436 2824 447 2863 ,
476 2789 506 2840 et
525 2795 692 2862 nunquam
711 2798 778 2843 non
798 2777 987 2868 prudenter,
1013 2777 1143 2871 dextre,
1167 2780 1215 2849 sen

162 2890 263 2956 liciter
282 2898 417 2976 peracta.
1138 2880 1141 2884 ’

248 3036 391 3112 Maxime
411 3041 444 3103 iu
463 3036 611 3107 Decimic
628 3037 841 3126 reditibusque
854 3035 1047 3104 Academiae
1067 3041 1212 3107 curandis

98 3148 100 3153 ⁴
165 3149 299 3214 erninuit
324 3149 388 3213 viri
407 3143 571 3208 dexteritas
591 3160 622 3209 et
641 3147 817 3232 prudentia.
860 3148 978 3212 Primis
995 3130 1133 3235 *quidem
1154 3172 1214 3214 an.-

164 3261 217 3322 nis
228 3252 420 3332 Doctoribus
440 3252 627 3343 senioribus,
650 3255 762 3340 quibus
781 3255 855 3343 talia
875 3261 1002 3342 negotia
1023 3271 1115 3335 erant
1133 3280 1214 3324 con·

166 3365 298 3449 credita,
327 3363 386 3426 fuit
411 3361 592 3446 adjunctus,;
625 3384 717 3448 mox,
747 3375 908 3448 perspecta
933 3362 1017 3427 illius
1042 3368 1215 3441 virtuteet

165 3475 364 3560 cognitione,
383 3474 443 3554 ipsi
455 3473 529 3552 uui,
551 3490 625 3544 cum
638 3467 778 3556 Syndico
785 3514 796 3552 ,
817 3491 891 3532 cura
906 3468 983 3542 baec
997 3476 1107 3541 omnis
1121 3468 1214 3541 com-.-

167 3588 263 3649 missa
281 3592 344 3666 est,
364 3599 460 3664 quarn
484 3575 638 3649 obeundis
655 3581 877 3649 anniversariis
893 3580 1057 3644 itineribus
1072 3579 1114 3643 ad
1131 3586 1215 3655 vitae

165 3692 265 3761 finem
293 3707 394 3772 usque
425 3706 551 3749 summa
582 3683 645 3762 fide
676 3698 707 3748 et
733 3691 875 3747 maximo
902 3685 1096 3772 reipublicae
1121 3709 1215 3756 com·

167 3797 267 3862 modo
291 3796 446 3860 sustinuit.
488 3793 538 3856 lta
566 3816 644 3858 vero
671 3815 721 3860 rea
742 3793 965 3860 Universitatis
984 3798 1153 3881 tractauit,
1181 3807 1215 3858 ut

165 3912 207 3994 il>
232 3902 419 4010 quibuscum
438 3898 599 3998 agendum
620 3888 715 3988 esset,
743 3916 887 3983 amarent
904 3903 1014 3992 illum,
1034 3917 1066 3970 et
1084 3903 1215 3992 praedi·
