2776 5124
201 445 260 508 178
413 408 416 415 Ι
486 439 702 511 Proussonrs
723 444 957 516 onmium

195 614 325 697 positus.
367 603 502 694 Ingenio
522 621 588 673 erat
606 630 674 676 non
692 613 790 676 nimis
808 611 929 700 veloci,
949 614 1119 682 nectardo
1141 622 1256 710 etiam,

194 719 250 786 sed
277 727 395 781 attento
422 719 564 781 maxime
592 731 687 804 atque
713 719 755 782 ad
780 723 1039 808 investigandum
1067 738 1154 813 apto.
1198 729 1257 795 Do

179 828 281 896 ¹nulla
302 849 337 890 re
356 846 500 910 uuquam
520 826 669 891 sollicitus
690 849 895 917 magnopere,
915 834 977 894 nisi
997 831 1036 896 de
1050 837 1160 902 studiis
1176 842 1256 928 suis,

192 936 305 1026 procul
327 940 376 1022 ira
401 956 438 997 ac
459 934 552 1021 odin,
582 935 694 1020 procul
717 939 888 1024 cupiditate
910 943 1003 1005 omni
1024 942 1079 1009 vel
1098 943 1253 1034 honoris,
1273 1023 1276 1027 ⁴

191 1045 246 1116 vel
275 1065 391 1130 opum,
427 1042 481 1108 vel
509 1042 710 1131 deliciarum,
748 1049 895 1110 animum
922 1069 1051 1134 semper
1077 1052 1253 1138 aequalem

189 1160 273 1221 intra
306 1173 379 1218 suos
410 1151 543 1216 circrdos
574 1157 739 1218 continuit.
786 1151 883 1245 Quae
914 1177 1008 1221 causa
1035 1160 1132 1223 etiam
1160 1171 1249 1246 erat,

189 1262 277 1350 quod
303 1258 473 1325 accedente
499 1263 602 1326 victus
625 1267 851 1350 temperantia,
883 1264 1100 1331 valetudinem
1123 1268 1168 1332 ad
1192 1291 1249 1336 se-

187 1387 313 1440 nectam
329 1393 429 1458 usque
441 1376 620 1439 servaverit
634 1367 766 1436 firmam
781 1385 876 1458 atque
889 1376 1071 1439 immotam.
1102 1373 1145 1442 Iu
1161 1393 1248 1442 con-

186 1481 352 1550 suetudine
370 1481 507 1545 aliorum
527 1485 650 1546 nemini
664 1483 793 1567 gravis,
823 1485 948 1546 nemini
963 1482 1135 1572 molestus,
1166 1507 1244 1574 erga

185 1611 298 1657 omnes
324 1593 407 1654 mire
428 1587 578 1676 pacificus
605 1592 722 1670 extitit,
755 1591 791 1652 in
818 1587 1054 1676 congressibus,
1081 1597 1243 1661 conviviis

183 1700 315 1785 alisque
337 1696 590 1762 solemnitatibus
609 1697 756 1783 festivus,
785 1695 892 1760 hilaris
911 1717 1103 1784 prorsusque
1119 1702 1242 1799 jucun:

183 1807 252 1873 dus.
299 1805 513 1892 'Ibeologiam
538 1810 662 1874 amarit
684 1803 863 1891 simplicem
887 1804 978 1867 illam
1004 1818 1037 1877 et
1055 1811 1238 1894 antiquam,

79 1941 81 1945 ·
180 1919 203 1980 i.
224 1940 253 1982 e.
274 1937 293 1978 e
312 1935 400 1979 sacra
422 1918 582 2003 ScrIptura
605 1901 770 2004 haustam,
808 1916 934 1999 exegesi
952 1934 1022 1978 non
1041 1935 1059 1979 e
1079 1916 1238 2005 profanis,

110 2049 113 2052 ’
179 2022 237 2090 sed
261 2026 404 2108 ipsismet
429 2022 524 2088 sacris
548 2024 728 2088 auctoribus
751 2025 909 2104 instituta3
937 2026 1031 2088 tricas
1051 2044 1183 2112 quoque
1201 2048 1239 2092 ao

178 2130 280 2217 rixas,
307 2131 484 2200 innovandi
503 2135 677 2219 pruritum,
698 2146 856 2197 sectarum
869 2131 995 2218 studia,
1009 2131 1072 2196 sed
1092 2145 1125 2198 et
1144 2135 1236 2221 paci-

177 2240 294 2307 ficandi
313 2242 392 2305 illud
412 2241 553 2307 studium
573 2240 740 2306 detestatus
760 2243 919 2324 maxIme,
939 2237 1015 2304 Deo
1036 2250 1068 2303 et
1082 2244 1234 2333 tempori,

176 2373 244 2415 nou
267 2347 439 2414 bominum
463 2349 591 2414 arbitrio
611 2348 828 2414 transmittens
845 2342 1005 2412 Ecclesiae
1019 2368 1084 2434 ⁴pro
1105 2347 1233 2417 diversa

174 2455 382 2544 periodorum
415 2460 547 2523 rationo
570 2461 777 2522 incrementat
833 2454 928 2520 Obiit
956 2451 1014 2518 bio
1043 2455 1166 2545 probus
1193 2479 1231 2524 ao

176 2568 287 2633 doctus
305 2570 357 2635 vir
377 2566 525 2634 februarii
541 2569 637 2632 tertio
656 2563 708 2632 die
727 2581 815 2628 anno
833 2559 928 2645 hujus
941 2562 1058 2628 saeculi
1072 2567 1229 2632 vicesimo

172 2679 282 2763 tertio,
313 2688 484 2764 postquam
512 2679 642 2744 vixisset
664 2690 767 2737 annos
789 2673 988 2760 septuaginta
1006 2691 1147 2759 novem,
1176 2673 1228 2738 di-

172 2806 252 2871 guus
272 2785 424 2870 omnino,
453 2787 509 2870 qui
531 2779 809 2868 praestantioribus
827 2777 959 2845 scholae
977 2790 1107 2844 nostrae
1125 2781 1228 2846 lumi-

169 2889 264 2956 nibus
284 2889 486 2980 adjungatur,
520 2905 552 2955 et
576 2893 649 2976 piae
671 2898 861 2976 grataeque,
889 2888 993 2951 etiam
1016 2899 1226 2973 posterorum

169 2999 414 3068 commendetur
443 3003 632 3065 memoriae.
688 2997 909 3063 Successorem
940 2991 1052 3059 habuit
1080 2995 1226 3064 Hillcrus

169 3105 248 3174 Joh.
267 3106 354 3174 Rud.
376 3107 595 3194 Osiondrum,
615 3104 641 3170 J
643 3105 792 3191 ohannis,
812 3104 878 3172 viri
895 3107 1036 3166 maxime
1053 3125 1226 3170 memora-

166 3216 254 3305 bilis,
279 3218 367 3303 cujus
388 3217 470 3296 vita,
491 3220 691 3280 enarratione
712 3216 841 3300 siquae
862 3209 924 3286 alia
944 3209 1151 3299 dignissima,
1171 3215 1223 3279 fa-

105 3346 108 3352 *
165 3323 259 3388 bulae
280 3345 377 3411 quarn
394 3326 482 3412 vitae
502 3345 580 3391 rere
600 3336 687 3387 actae
706 3320 842 3388 similior
861 3330 924 3404 est,
948 3315 1054 3384 filium
1073 3325 1222 3390 unicum.

164 3431 244 3519 Hic,
276 3444 448 3518 postquam
473 3428 623 3495 absolutis
644 3433 680 3494 in
706 3429 765 3493 hac
782 3428 954 3494 Musarum
972 3426 1068 3514 sede,
1098 3433 1135 3494 in
1153 3453 1222 3518 qua

163 3551 196 3604 et
214 3539 321 3602 lucem
335 3537 444 3606 videre
460 3540 521 3623 ipsi
541 3542 684 3626 contigit,
699 3557 789 3602 ranno
807 3538 979 3622 superiorIs
994 3537 1110 3602 saemli
1125 3551 1220 3627 octo-

162 3648 285 3733 gesimo
304 3666 408 3732 non0,
437 3645 613 3709 litterarum
634 3644 758 3727 studiis,
786 3647 822 3707 in
838 3642 992 3731 Belgium
1011 3665 1141 3731 quoque
1161 3647 1220 3714 lit-

122 3821 124 3825 ,
160 3768 303 3819 terarum
322 3773 414 3816 causa
432 3753 590 3839 profectus
611 3767 706 3839 esset,
729 3752 830 3846 redux
849 3753 885 3818 in
902 3756 1042 3839 patriam
1058 3775 1147 3819 anno
1166 3759 1218 3845 1⁵,

161 3864 343 3947 aprincipe
369 3859 452 3925 hanc
477 3861 612 3948 gratiam
639 3859 791 3950 obtinuit,
822 3874 859 3925 ut
882 3861 969 3926 illico
993 3860 1219 3949 philosophiae

159 3988 197 4033 ao
216 3967 392 4034 litterarum
409 3969 613 4034 orientalium
632 3971 670 4034 in
686 3966 746 4034 hac
763 3967 871 4037 schola
889 3966 1051 4057 professor
1064 3982 1217 4042 extraor-
