2776 5124
333 417 386 501 Dr
400 415 645 485 Trroounrrul
661 420 809 488 Tuncrcn
824 419 1084 493 Cousrrrrrnor.
1169 437 1229 502 231

182 605 265 670 quae
289 583 330 648 ad
351 605 472 650 annum
492 583 676 656 Hedsclrrae
694 589 901 653 millesimum
922 592 1131 661 centesimum
1151 613 1233 682 quaf

182 693 397 780 dragesimum
423 699 567 781 prunum
593 692 687 778 (Chr.
711 697 808 783 1728)
828 696 982 784 decurrit,
1010 701 1128 787 pariter
1149 699 1233 764 duo-

180 801 243 869 bus.
262 803 526 892 comprehensum
546 815 593 874 est
612 802 839 873 voluminibus.

265 910 414 982 Tandem
445 933 563 998 agmen
593 912 709 984 claudit
736 911 878 980 Lexicon
909 916 1230 1007 persico-turcicum,

180 1019 210 1088 F
211 1018 365 1108 erhenghi
378 1018 492 1085 scheri
507 1021 645 1111 dictum,
662 1020 750 1116 quod
769 1021 909 1088 duorum
928 1023 1133 1091 voluminum
1150 1046 1231 1111 opus

177 1128 298 1219 prodiit
327 1150 413 1200 anno
438 1130 532 1219 liujus
556 1120 673 1203 saeculi
701 1122 945 1222 quadragesimo
973 1131 1121 1198 secunde.
1171 1131 1228 1196 Est
1270 1144 1273 1151 ’

179 1237 312 1328 quidem
328 1224 509 1309 communis
525 1253 556 1311 et
571 1240 759 1331 pervulgata
773 1253 959 1312 nostrorum
972 1240 1142 1306 hominum
1155 1241 1230 1326 opl-

176 1348 254 1432 nic,¹
280 1359 312 1412 et
337 1354 493 1442 expirasse
518 1353 646 1438 penitus
668 1349 916 1438 typographiam
942 1346 1022 1412 hano
1043 1346 1229 1414 Constanti-

177 1447 417 1545 nopotunam,
447 1471 479 1527 et
503 1457 638 1531 deletam
659 1480 728 1530 esse
743 1471 928 1547 propterea,
957 1455 1044 1542 quod
1065 1458 1121 1540 qui
1140 1453 1228 1520 libris

176 1560 302 1630 calamo.
329 1563 541 1636 exscribendis
565 1571 688 1634 victum
715 1578 903 1658 quaererent
927 1562 1048 1629 librarii
1070 1580 1227 1649 perquam

175 1675 356 1758 numerosi,
379 1671 532 1743 seditione
545 1673 641 1761 facta,
661 1688 828 1766 poscerent
848 1686 1059 1760 urgerentque
1075 1691 1146 1735 rem
1161 1689 1226 1734 no-

174 1802 255 1847 vam
281 1781 404 1867 sibique
430 1783 619 1853 damnosam
644 1784 743 1854 deleri
766 1786 891 1870 penitus
914 1781 1133 1869 abrogarique.
1183 1773 1226 1840 Et

173 1888 284 1955 videas
311 1911 438 1978 quoque
463 1913 482 1956 a
500 1892 611 1959 multia
630 1895 709 1960 vitio
728 1891 812 1963 hanc
831 1912 902 1958 rem
921 1892 1005 1962 uerti
1024 1882 1225 1974 exprobrari-

173 2017 237 2082 que
257 1997 386 2084 Turcis‚
412 2011 447 2063 ut
467 2021 548 2086 quae
568 2004 781 2088 turpissimam
802 1997 995 2085 barbariem,
1019 2008 1052 2062 et
1069 1993 1223 2060 ferociam

173 2107 324 2194 proderet
348 2106 433 2179 haud
456 2108 615 2197 ambigue.
654 2107 753 2203 Quod
777 2112 833 2196 qui
854 2109 987 2193 faciunt,
1013 2126 1074 2171 nae
1093 2101 1141 2168 illi
1160 2121 1222 2188 pa-

170 2239 246 2286 rum
267 2238 429 2283 memores
447 2230 535 2304 sunt,
557 2221 652 2286 etiam
672 2216 757 2311 apud
777 2217 963 2287 cultissimus
980 2233 1119 2302 quasque
1139 2230 1222 2297 gen-

168 2341 218 2397 tes
244 2323 330 2389 haud
360 2325 493 2394 defuisse
523 2326 699 2412 spectacula
726 2348 857 2412 prorsus.
881 2324 997 2391 similia
1016 2320 1064 2400 *).
1110 2316 1222 2381 Veluti

164 2455 273 2518 quum
293 2432 460 2506 machinae
479 2438 653 2522 tentoriae,
679 2435 825 2523 pluribus¹
843 2432 940 2501 simul
960 2430 1119 2500 lemniscis
1139 2446 1222 2533 corr-
1304 2422 1305 2425 ’

169 2539 313 2607 ficiendis
337 2552 448 2628 aptae,
473 2547 634 2633 superiore
658 2543 784 2614 saeculo
808 2548 958 2614 inventae
978 2549 1096 2622 essent,
1121 2530 1220 2621 proh!

169 2672 269 2737 quam
288 2651 410 2722 fortiter
427 2643 512 2738 ints,'
526 2664 680 2739 tanquam
699 2657 852 2739 invenus,
867 2672 949 2746 quae
965 2647 1141 2718 multorum
1156 2639 1221 2705 1¹0-
1246 2712 1249 2720 .

168 2764 296 2824 minum
323 2782 455 2853 operam
486 2762 679 2848 impedirent
706 2779 738 2834 et
765 2767 903 2842 victum,
931 2765 1149 2846 repugnatum
1173 2760 1221 2813 est

165 2870 202 2932 in
225 2866 418 2956 Germania,
449 2882 484 2939 ut
511 2869 732 2962 Imperatoriis
759 2875 855 2942 etiam
884 2866 1015 2941 decretis
1038 2855 1219 2952 Ρῐθθΰῐῑῦθ·

166 2991 295 3066 rantur,
317 2982 465 3070 atquem
485 2983 554 3070 ipsa
573 2978 655 3045 adeo
674 2977 812 3050 Saxonia,
831 2973 989 3046 electorali
1009 2970 1219 3042 admitteren-

165 3098 219 3151 tur
240 3087 372 3156 demum
392 3101 467 3157 ante
485 3086 546 3154 hos
566 3090 682 3176 viginti
701 3099 765 3157 tres,
781 3106 886 3156 anuos.
900 3081 965 3168 **).,
1004 3079 1108 3178 Quid,
1129 3075 1216 3164 quod

163 3199 321 3262 vicesimo
346 3195 478 3266 demum
505 3194 620 3264 abhinc
643 3217 750 3279 anno,
775 3197 812 3265 in
836 3190 972 3281 Anglia,
1000 3210 1103 3277 prope
1123 3187 1216 3253 Lon-

165 3303 297 3389 diuum,
323 3304 411 3372 mola
433 3325 514 3397 quae
534 3303 575 3370 ad
594 3305 746 3375 secandas.
763 3299 1012 3377 arbores,'ueute
1031 3305 1220 3392 agitaretur,
1251 3333 1256 3341 ·

167 3434 277 3485 recens
306 3425 478 3501 exstructa,
510 3412 591 3480 lacto
618 3412 720 3508 plebis¹
750 3409 1008 3501 indignabundae
1040 3427 1213 3491 concursu,

165 3521 270 3586 subito
290 3543 401 3591 eversa
421 3535 470 3587 est.
486 3535 579 3609 atque
598 3522 708 3589 deleta.
734 3558 778 3582 ·-.
809 3521 937 3587 Verum
957 3521 1063 3585 omnis
1081 3515 1136 3581 ille
1155 3533 1213 3581 ru-

163 3650 254 3715 mor,
279 3629 320 3700 de
339 3631 477 3701 tumultu
496 3631 537 3696 ob
557 3631 804 3720 typographiam
824 3623 1102 3713 Constantinopoli
1120 3625 1230 3712 facto‚,

165 3785 642 3813 *mn—upa*

199 3873 229 3940 ¹⁸)
250 3875 577 3952 BelmannsBeytriige
594 3889 649 3935 etc.
667 3877 682 3931 1
692 3877 782 3936 Beud·
802 3895 867 3953 pag·
885 3891 944 3947 124·

199 3965 399 4034 **)1b.11B.‘
418 3979 523 4045 part·
593 4010 594 4014 =
