2776 5124
433 429 437 435 ⁸
473 435 689 506 Wrrrrrtrtus
708 434 903 503 Scnrcrcmm.
1149 441 1202 502 161

165 602 311 667 Domine
328 600 536 688 CancellarIe,
555 603 788 688 propinquam,
805 623 886 687 quae
905 613 976 687 apta
995 602 1056 686 ipsi
1073 598 1206 667 vIdeha·

164 723 219 774 tur
244 732 305 797 pro
330 711 500 775 extruenda
527 710 651 798 specula
677 708 814 774 sublimi.
853 709 914 796 At,
938 732 958 771 o
980 731 1077 774 vanas
1096 709 1206 774 homi-

163 841 248 883 num
272 839 343 905 spes
364 821 668 905 expectationesquel
703 818 786 882 hanc
804 821 904 906 ipsam
926 820 1059 884 domum
1080 841 1206 886 causam

162 928 260 992 firisse
279 928 392 991 dixeris
413 923 533 1013 abrepti
548 940 746 1014 praematura
763 942 867 993 morte
883 925 1073 996 Schickardi.
1103 932 1209 998 Vide-

163 1026 219 1100 tur
246 1038 333 1100 enim
360 1040 494 1100 omnino
518 1036 663 1122 pestifera
684 1036 736 1099 lue
755 1034 832 1098 haec
851 1036 964 1100 infecta
983 1039 1091 1124 titisse,
1119 1040 1207 1126 quod

164 1145 380 1232 frequentibus
404 1167 440 1209 ac
457 1145 523 1211 fere
541 1127 696 1209 continuis
714 1145 876 1211 funeribus
895 1168 972 1211 mox
991 1147 1208 1216 funestaretur,

163 1255 295 1338 Etenim
315 1277 392 1318 mox
411 1276 522 1319 mense
542 1252 677 1319 Octobri
696 1255 804 1318 extulit
826 1253 926 1320 filiam
946 1269 1021 1321 natu
1041 1261 1209 1347 majorem,

165 1362 266 1427 altero
292 1362 438 1448 deinceps
466 1384 576 1428 mense
601 1361 752 1428 Sabinam
778 1386 927 1447 uxorem,
963 1380 1057 1453 atque
1084 1368 1212 1433 ancillas

167 1471 264 1559 duas,
296 1477 388 1536 tertio
414 1471 550 1556 denique
573 1475 701 1536 ineunte
725 1469 858 1535 filiolam
878 1473 1043 1542 alteram*
1068 1476 1214 1562 „Omnes

169 1593 226 1644 aut
254 1601 343 1647 novo
372 1577 478 1643 morbi
506 1601 638 1669 genere,
669 1593 723 1644 aut
743 1585 838 1667 pestis
858 1594 965 1647 tamen
980 1587 1101 1671 specie,
1132 1589 1216 1650 intra

169 1689 313 1753 triduum
339 1689 394 1757 vel
424 1688 601 1753 sextiduum
626 1688 795 1755 sublatae“.
844 1691 897 1756 De
925 1705 1025 1756 semet
1046 1696 1114 1780 ipso
1141 1693 1218 1757 haee

172 1799 297 1883 scripsit
315 1818 344 1861 a.
360 1796 391 1859 d.
414 1803 451 1860 10
465 1797 547 1861 Dec.
565 1798 645 1865 1634
666 1799 706 1863 ad
724 1799 871 1887 fratrem,
890 1803 925 1865 in
938 1800 1050 1866 Galliis
1065 1801 1139 1866 hinc
1160 1801 1217 1865 de-

170 1922 317 1999 gentem:
349 1906 461 2000 „Quid
482 1907 521 1972 de
544 1929 599 1970 me
618 1908 875 1995 superstitibusve
891 1908 1013 1974 duobus
1033 1909 1138 1975 liberis
1153 1915 1220 1974 mi-

170 2022 270 2086 nimis
294 2019 437 2082 futurum
465 2019 520 2105 sit,
554 2015 644 2080 Deus
672 2022 775 2086 novit.
827 2017 896 2104 Ego
928 2019 1087 2083 moriendi
1116 2033 1218 2085 artem

169 2133 265 2194 unice
293 2149 380 2192 nunc
407 2125 567 2210 meditor,
598 2125 708 2190 studiis
734 2130 863 2191 caeteris
888 2126 1037 2191 omnibus
1066 2131 1219 2214 sepositis.

170 2239 222 2303 Te
242 2250 364 2317 autem,
387 2233 485 2299 frater
503 2232 699 2320 charissime,
720 2256 780 2322 per
800 2234 899 2300 fidem
919 2248 1004 2299 tuam
1021 2234 1167 2323 obsecre,
1192 2240 1220 2303 si

171 2346 250 2433 quid
285 2342 441 2431 ejusmodi
477 2346 573 2405 etiam
607 2340 688 2405 mihi
714 2345 925 2429 contingeret,
958 2343 1038 2411 velis
1070 2343 1220 2430 orphanis

170 2457 254 2520 meis
283 2465 314 2516 te
337 2465 461 2539 patrem
485 2447 675 2536 praestare“.
723 2448 787 2515 Sed
810 2453 959 2516 continuo
984 2464 1111 2515 mortua
1134 2474 1218 2538 quo-

172 2585 238 2650 que
263 2561 310 2625 est
327 2559 440 2622 ultima
459 2555 573 2643 filiola,
601 2579 748 2624 necnon
770 2559 925 2624 studiosus
944 2559 1073 2646 aliquis,
1103 2564 1159 2646 qui
1183 2567 1218 2625 in

169 2675 231 2735 ista
251 2669 349 2732 domo
369 2665 537 2730 habitabat.
578 2663 783 2731 Schickardus
802 2667 901 2752 solus,
921 2687 996 2730 cum
1009 2660 1104 2732 unico
1118 2667 1218 2732 filiolo

171 2774 354 2862 Theophilo
382 2775 433 2859 (v.
451 2773 617 2862 epistolam
633 2775 674 2840 ad
686 2773 927 2862 Berneggerum
945 2773 976 2837 d.
992 2775 1102 2859 2Maj.
1123 2776 1220 2860 1630)

172 2891 231 2957 vix
251 2885 329 2950 dum
349 2888 546 2972 quinquenni
564 2885 703 2965 relictus,
722 2907 760 2948 ex
777 2887 958 2948 auctoritate
977 2881 1110 2946 Senatus
1130 2882 1220 2947 domi

171 3017 241 3061 sese
268 2999 427 3059 continere
452 2998 553 3080 jussus
580 3007 639 3082 est,
670 3015 711 3057 ne
736 2997 880 3077 contagio
906 3003 1044 3074 serperet
1064 2990 1104 3054 ad
1124 2991 1218 3078 alios,

170 3123 366 3191 quamquam
384 3115 452 3167 toto
472 3102 537 3166 fere
557 3101 675 3188 oppido
694 3101 761 3164 lues
780 3103 911 3186 grassari
931 3098 1102 3166 videretur.
1144 3097 1217 3161 Tu·
1270 3145 1273 3151 .

169 3210 268 3298 binga
294 3223 400 3276 autem
427 3211 590 3297 excedere,
621 3208 791 3296 captandae
817 3207 957 3271 melioris
982 3227 1077 3269 arrrae
1104 3226 1213 3294 causa,

169 3319 257 3406 quod
278 3320 447 3385 consultius
467 3319 648 3408 videbatur,
670 3319 826 3386 recusavit
839 3328 1019 3406 propterea,
1038 3314 1124 3400 quod
1138 3336 1211 3378 me-

168 3426 324 3491 tuendum
348 3441 429 3514 erat,
456 3450 500 3492 ne
522 3426 648 3493 absente
667 3432 735 3513 ipso
755 3450 805 3493 res
827 3427 985 3492 familiarIs
1004 3431 1038 3490 in
1056 3425 1209 3511 praedam

167 3535 294 3600 cederet
307 3536 457 3600 militibus
472 3538 687 3624 praesidiariis.
726 3540 826 3603 Anno
843 3541 1006 3624 proximo,
1027 3557 1119 3622 cum,
1136 3545 1209 3621 post

168 3641 397 3731 conflagratam
417 3653 435 3711 9
455 3645 504 3708 die
518 3646 588 3714 Jul.
605 3648 878 3734 Herrenbergam,
903 3652 939 3713 in
960 3647 1093 3711 domum
1113 3654 1207 3734 atque

168 3749 343 3836 hospitium
363 3767 488 3841 recepta
504 3753 543 3817 ab
561 3777 600 3819 eo
616 3769 695 3820 esset
710 3779 800 3821 soror
814 3781 879 3822 una
892 3779 965 3820 cum
978 3755 1075 3819 tribus
1090 3755 1207 3842 liberis,

169 3861 267 3921 etiam
284 3861 350 3945 ipsa
363 3883 437 3924 cum
450 3859 555 3926 liberis
566 3861 710 3927 defuncta
722 3876 768 3929 est
777 3886 887 3930 mense
897 3862 1084 3951 Septembri.
1110 3860 1209 3926 Nunc

169 3965 302 4034 tandem
321 3968 419 4036 domo
439 3991 477 4035 ac
494 3969 573 4036 urhe
592 3973 761 4059 emigravit
774 3971 891 4039 Noster
910 3995 983 4038 cum
1003 3970 1103 4036 filiolo
1117 3973 1213 4033 unico

970 4087 1005 4146 ll
