2776 5124
274 1114 412 1182 Animus
431 1125 490 1205 est,
511 1114 703 1184 memoriam
722 1116 862 1184 recolere
877 1112 1048 1180 Matthiae
1062 1115 1240 1209 Hefimrej.

175 1224 266 1311 seri,
295 1221 484 1290 Cancellarii
506 1225 668 1311 quondam
686 1238 813 1291 nostrae
832 1226 1008 1288 litterarum
1028 1228 1240 1294 universitatis

184 1328 378 1417 dignissImi:
407 1355 504 1421 quem
524 1357 563 1398 ex
585 1356 667 1421 quo,
695 1333 751 1398 diu
770 1333 900 1418 abhinc,
928 1336 1136 1418 cognitiorem
1157 1335 1238 1401 mihi

183 1437 327 1528 reddidi,
354 1462 423 1507 non
452 1445 542 1528 potui
563 1464 631 1508 non
657 1444 815 1529 suspicere
833 1443 1067 1529 maximopere,
1099 1465 1174 1507 cum
1193 1443 1236 1508 oh

177 1549 355 1633 permultas
380 1571 417 1614 ac
440 1554 579 1638 insignes
598 1571 679 1637 quae
698 1553 734 1616 in
753 1571 792 1614 eo
814 1552 1067 1635 conspicerentur
1090 1555 1236 1650 virtutes,

180 1666 251 1720 tum
270 1670 437 1745 eapropter
456 1661 569 1743 etiam,
590 1659 677 1744 quod
693 1661 720 1722 is
744 1656 954 1721 thetmem
970 1654 1236 1745 Schichlzarclum,

178 1764 302 1852 primo,
329 1768 483 1850 juvenem
502 1787 560 1831 suo
580 1769 670 1852 quasi
688 1761 835 1849 exemplo
855 1763 1002 1828 incitaret
1020 1764 1236 1853 formaretque

178 1884 210 1936 et
234 1871 295 1938 filii
321 1877 420 1941 instar
444 1875 582 1961 foveret,
612 1873 727 1938 deinde
752 1875 848 1937 etiam
869 1875 999 1956 :juvaret
1016 1893 1072 1938 sua
1092 1877 1234 1938 auctori·
1319 1875 1321 1879 ⁴

177 1991 240 2045 tate
265 1979 307 2049 ad
332 1978 542 2047 obtinendum
564 1985 600 2047 in
619 1981 679 2046 hac
698 1978 805 2048 schola
823 1993 934 2044 nostra
953 1979 1079 2068 locum,
1110 1984 1145 2046 in
1166 2003 1233 2069 quo

175 2109 254 2152 mox
272 2077 328 2154 ille
347 2092 513 2157 emineret.
544 2086 768 2156 ,Schickhardi
790 2098 897 2150 autem
916 2089 1112 2153 memoriam
1132 2089 1231 2154 mihi·
1321 2164 1324 2169 ,

175 2209 243 2262 met
268 2199 481 2284 carissimam,
512 2210 546 2262 et
566 2199 655 2284 quasi
682 2199 718 2261 in
739 2194 857 2258 deliciis
882 2215 966 2277 esse,
1003 2208 1035 2260 et
1054 2211 1128 2263 sunt
1147 2200 1231 2263 inter

174 2303 262 2392 Vos,
294 2304 485 2393 Auditores,
518 2310 573 2392 qui
597 2304 684 2369 haud
712 2307 879 2390 ignorant,
912 2315 943 2366 et
970 2302 1097 2389 publice
1125 2305 1229 2370 adhuc

172 2410 327 2500 profiteri,
346 2427 377 2477 et
396 2433 472 2500 prae
490 2435 547 2478 me
560 2414 644 2478 ferre
658 2423 782 2477 tantum
796 2408 893 2496 abest,
905 2423 941 2474 ut
955 2432 1015 2498 ego
1031 2412 1226 2501 erubescam,

171 2534 206 2585 ut
224 2523 329 2608 potius
349 2524 384 2586 in
404 2542 444 2586 eo
464 2521 589 2607 placere
607 2519 689 2586 mihi
708 2517 831 2586 videar.

254 2627 356 2695 Natus
386 2640 434 2695 est
460 2622 711 2715 Hefenrefferus
738 2624 854 2691 saeculi
887 2625 1004 2692 decimi
1035 2631 1113 2695 sexti
1139 2651 1226 2698 anno

169 2739 364 2824 sexagesimo
387 2739 497 2825 primo
520 2739 556 2801 in
577 2756 661 2823 pago
683 2733 807 2829 Lorch,
836 2738 896 2817 cui,
907 2736 1072 2824 impendet
1090 2740 1125 2802 in
1145 2742 1226 2805 colle

169 2846 267 2910 situm
294 2844 403 2910 nobile
428 2845 508 2911 illud
535 2844 780 2910 Mouasterium.
837 2841 877 2908 In
906 2845 1020 2930 primis
1046 2843 1225 2913 litterarum

168 2951 357 3018 rudImentIs
385 2958 538 3041 magistro
565 2974 640 3018 usus
667 2962 713 3018 est
738 2951 881 3038 quodam
906 2951 1057 3018 Conrado
1080 2952 1224 3042 Thanar,

168 3064 224 3146 qui
250 3073 342 3126 antea
366 3064 550 3127 monasterii
570 3059 817 3149 conventualis,
848 3081 935 3126 nunc
959 3063 1102 3146 privatus
1121 3060 1222 3128 homo

167 3174 270 3234 vitam
289 3168 399 3256 agebat
417 3173 453 3234 in
472 3191 574 3258 pago,
595 3173 661 3234 otio
681 3180 774 3232 utens
794 3180 826 3232 et
846 3169 1013 3233 constituto
1034 3189 1054 3231 a
1071 3167 1223 3258 Principe

166 3276 324 3363 stipendio
361 3276 483 3362 (quam
509 3298 638 3364 prorsus
671 3276 807 3341 eandem
834 3278 1134 3343 sortemfnovimus
1160 3276 1221 3341 hau

165 3399 273 3450 nostra
304 3396 404 3449 aetate
430 3389 574 3451 evenisse
600 3385 765 3472 permultis
793 3384 988 3469 Monachis).
1038 3382 1137 3450 Brevi
1163 3383 1220 3449 ille

163 3496 207 3557 ita
232 3493 383 3580 profecit,
410 3505 446 3556 ut
472 3504 576 3580 posset
601 3494 642 3559 ad
663 3493 804 3581 publicas
824 3494 946 3560 scholas
966 3495 1002 3557 in
1022 3494 1218 3556 monasterio

164 3600 279 3689 hospes
297 3600 461 3689 accedere,
482 3614 513 3666 et
527 3625 605 3669 mox
620 3603 727 3667 locum
744 3602 900 3667 obtineret
914 3606 995 3667 inter
1010 3603 1095 3688 ipsos
1110 3600 1217 3663 alum-

163 3734 235 3778 nos.
276 3711 443 3783 Nimirum
462 3710 518 3774 illo
538 3723 683 3797 tempore
703 3732 741 3774 ea
760 3710 862 3775 adhuc
880 3711 988 3776 locum
1007 3706 1147 3774 habebat
1160 3728 1215 3772 re-

163 3841 238 3883 rum
257 3819 343 3906 apud
362 3843 421 3887 nos
442 3826 538 3910 rati0,
567 3833 603 3887 ut
621 3821 743 3909 singula
762 3818 1000 3909 quatuordecim
1020 3816 1213 3884 monasteria

163 3928 442 4016 patriae-(praeter
464 3928 950 4020 Herbrechtingense)Collegia
970 3928 1105 4012 alerent,
1131 3943 1212 4012 quae
