2776 5124
447 433 649 506 Enrrours
691 434 945 506 Paanrarro.
1175 464 1217 524 29

174 631 259 700 quae,
278 626 355 672 meo
374 600 503 690 judicio,
529 612 598 664 tam
617 618 731 688 graves
750 613 840 687 sunt,
870 613 907 664 ut
930 624 1063 686 munus,
1097 611 1216 683 iterata

170 721 242 799 uice,
264 727 333 776 tum
351 703 528 789 honorifice
544 718 576 769 et
591 718 659 768 tum
673 706 844 770 luculentis
859 709 1106 794 conditionibus,
1128 722 1184 784 ohl
1205 764 1216 775 .

170 837 243 902 iam,
263 822 373 904 utique
391 812 650 902 amplectendum
669 825 824 899 statuant,
845 816 955 879 aniruo
976 836 1077 905 prope
1096 847 1218 912 erpen-

169 929 238 1010 das;
259 924 462 1011 tandemque,
483 921 596 988 divino
617 920 713 985 fretus
732 923 868 1009 auxilio,
897 922 931 987 id
960 923 1124 1014 decernas,
1153 956 1218 1018 quo

166 1041 308 1124 impenso
328 1031 522 1097 Curatorum
543 1028 699 1094 desiderio
727 1028 873 1116 satisfiat,
914 1034 957 1095 ita
977 1031 1059 1097 mihi
1080 1047 1217 1126 qnoque,

167 1148 213 1210 cui
231 1145 411 1229 interpretis
432 1135 538 1203 officio
558 1136 593 1201 in
606 1137 673 1207 ‚hoc
693 1137 798 1202 officio
818 1140 906 1226 fungi
926 1138 1023 1227 licuit,
1050 1165 1121 1210 rem
1147 1150 1216 1213 fac-

167 1267 249 1318 turus
268 1247 508 1338 perjucundam.
549 1244 643 1328 Vale,
673 1247 737 1311 Vir
758 1246 928 1311 cla1issime
956 1261 987 1312 et
1015 1256 1214 1346 amicissime,

168 1371 374 1448 exoptatoque
402 1355 476 1420 Tuo
506 1374 670 1442 responso,
689 1376 787 1442 quam
815 1359 958 1441 primum
987 1355 1058 1421 fieri
1090 1371 1215 1454 poterit,

168 1491 223 1537 uos
240 1465 391 1532 exhilara.
880 1483 899 1511 f

308 1571 437 1641 Dabam
456 1569 653 1658 Grouingae,
674 1590 703 1636 a.
722 1569 754 1634 d.
774 1569 939 1638 XXVHI.
958 1572 1052 1641 Julii.

417 1763 420 1769 ,
491 1678 534 1745 a
553 1677 887 1746 nnconxxxxu

665 1977 700 2056 4·

409 2153 704 2231 scarensem
726 2153 963 2249 Responsum

453 2365 455 2368 ,
512 2318 542 2373 d.
573 2317 603 2372 d·
624 2325 657 2376 26
683 2316 757 2392 Aug·
783 2321 859 2385 1795.

248 2539 348 2616 Haud
368 2569 444 2616 sane
465 2544 638 2637 quidquam
667 2551 767 2637 magis
793 2562 918 2636 praeter
947 2570 1080 2612 omnem
1108 2572 1216 2614 meam

171 2664 352 2746 opinionem
379 2658 519 2722 accidere
542 2661 621 2721 mihi
641 2672 775 2744 poterat,
796 2680 893 2744 quam
912 2661 1042 2745 repetita
1071 2657 1111 2721 ad
1141 2681 1216 2722 am-

169 2769 343 2854 plissimum
363 2788 480 2830 munus
499 2766 652 2832 Leidense
671 2770 826 2833 invitatio·

247 2901 375 2963 Etenim
395 2912 565 2985 postquam
585 2897 724 2979 redditae
744 2897 825 2962 mihi
837 2896 1110 2964 fuissentLitterae
1122 2899 1215 2965 Tuae

167 3029 193 3072 a.
212 3008 245 3073 d.
265 3008 328 3099 XI.
339 3007 408 3072 Jul.
428 2992 571 3093 scriptae,
591 3006 756 3072 breviores
775 3007 848 3070 illae
867 3006 998 3092 quidem
1017 3019 1049 3071 at
1063 3007 1215 3072 humani-

166 3121 233 3180 tatis
253 3115 471 3201 plenissimae,
493 3115 605 3199 quihus
626 3113 832 3201 significares,
863 3137 951 3179 meas
983 3116 1034 3180 die
1060 3117 1217 3183 XXVIII

163 3223 245 3288 Jun.
265 3228 395 3309 scriptas
423 3222 478 3286 abs
505 3222 554 3284 Te
573 3225 769 3286 transmissas
796 3244 862 3286 esse
889 3222 929 3286 ad
955 3229 1218 3308 spectatissimum

161 3320 406 3418 ‘Hunnncraruaq
427 3353 495 3394 non
514 3344 636 3416 poterat
655 3351 723 3393 non
750 3333 786 3392 in
805 3352 843 3394 ea
864 3334 1014 3417 opinione
1034 3331 1218 3399 confirmari

165 3445 304 3527 peritus,
334 3439 379 3505 A.
402 3438 581 3525 Collegium
610 3437 801 3503 Curatorum
828 3460 937 3501 meam
961 3439 1090 3524 quidem
1117 3445 1217 3506 animi

163 3548 420 3612 moderationem
441 3569 509 3612 non
529 3546 795 3632 improbaturum,
824 3546 916 3610 atde
937 3552 1050 3634 quovis
1071 3547 1134 3612 alio
1154 3571 1218 3633 po-

163 3660 226 3721 tius
247 3679 344 3742 quarn
375 3657 414 3721 de
443 3678 496 3719 me
522 3678 609 3720 nuuc
637 3676 703 3719 esse
729 3659 952 3740 cogitaturum.
1005 3655 1116 3740 Itaque
1143 3678 1218 3718 cum

163 3764 241 3828 alias
266 3764 386 3828 litteras
412 3764 467 3828 abs
487 3765 538 3828 Te
565 3768 693 3849 scriptas
714 3769 946 3850 conspicerem,
974 3765 1110 3828 redditas
1137 3763 1218 3827 mihi

164 3895 193 3935 a.
216 3873 248 3940 d.
269 3872 313 3938 X.
333 3872 484 3959 Augusti,
512 3871 591 3936 adeo
611 3883 734 3956 praeter
754 3877 1017 3959 exspectationem
1046 3871 1108 3934 hoc
1134 3871 1217 3935 milri

165 3980 291 4066 accidit,
311 3993 345 4043 ut
365 3985 444 4044 meis
464 3983 561 4067 ipsius
580 3979 681 4043 oculis
697 3976 763 4042 fere
775 3977 1219 4068 fidemhabererecusarem.4⁴
