<?xml version="1.0" encoding="UTF-8"?>
<!DOCTYPE html PUBLIC "-//W3C//DTD XHTML 1.0 Transitional//EN"
    "http://www.w3.org/TR/xhtml1/DTD/xhtml1-transitional.dtd">
<html xmlns="http://www.w3.org/1999/xhtml" xml:lang="en" lang="en">
 <head>
  <title>
</title>
<meta http-equiv="Content-Type" content="text/html;charset=utf-8" />
  <meta name='ocr-system' content='tesseract 3.04.00' />
  <meta name='ocr-capabilities' content='ocr_page ocr_carea ocr_par ocr_line ocrx_word'/>
</head>
<body>
  <div class='ocr_page' id='page_1' title='image "./dchristianifrid00schngoog_0019.png"; bbox 0 0 2776 5124; ppageno 0'>
   <div class='ocr_carea' id='block_1_1' title="bbox 192 417 958 491">
    <p class='ocr_par' dir='ltr' id='par_1_1' title="bbox 192 417 958 491">
     <span class='ocr_line' id='line_1_1' title="bbox 192 417 958 491; baseline 0.004 -7"><span class='ocrx_word' id='word_1_1' title='bbox 192 427 230 491; x_wconf 77' lang='lat'><strong>12</strong></span> <span class='ocrx_word' id='word_1_2' title='bbox 468 417 673 489; x_wconf 80' lang='lat' dir='ltr'><strong>Enrroars</strong></span> <span class='ocrx_word' id='word_1_3' title='bbox 707 418 958 490; x_wconf 69' lang='lat' dir='ltr'><strong>Patr-mro.</strong></span> 
     </span>
    </p>
   </div>
   <div class='ocr_carea' id='block_1_2' title="bbox 105 581 1246 3930">
    <p class='ocr_par' dir='ltr' id='par_1_2' title="bbox 105 581 1246 3930">
     <span class='ocr_line' id='line_1_2' title="bbox 187 581 1238 674; baseline 0.003 -21"><span class='ocrx_word' id='word_1_4' title='bbox 187 587 369 653; x_wconf 87' lang='lat' dir='ltr'><strong>testimonio</strong></span> <span class='ocrx_word' id='word_1_5' title='bbox 399 581 545 650; x_wconf 88' lang='lat' dir='ltr'><strong>dimissus</strong></span> <span class='ocrx_word' id='word_1_6' title='bbox 571 606 622 649; x_wconf 90' lang='lat' dir='ltr'><strong>an.</strong></span> <span class='ocrx_word' id='word_1_7' title='bbox 648 582 814 674; x_wconf 84' lang='lat' dir='ltr'>LXVIII,</span> <span class='ocrx_word' id='word_1_8' title='bbox 846 582 1031 651; x_wconf 81' lang='lat' dir='ltr'>excursione</span> <span class='ocrx_word' id='word_1_9' title='bbox 1058 589 1238 656; x_wconf 79' lang='lat' dir='ltr'><strong>antefacta</strong></span> 
     </span>
     <span class='ocr_line' id='line_1_3' title="bbox 187 690 1241 782; baseline 0 -17"><span class='ocrx_word' id='word_1_10' title='bbox 187 697 410 782; x_wconf 89' lang='lat' dir='ltr'><strong>Hanoveram,</strong></span> <span class='ocrx_word' id='word_1_11' title='bbox 429 694 485 758; x_wconf 88' lang='lat' dir='ltr'><strong>ubi</strong></span> <span class='ocrx_word' id='word_1_12' title='bbox 506 693 609 781; x_wconf 90' lang='lat' dir='ltr'><strong>perill.</strong></span> <span class='ocrx_word' id='word_1_13' title='bbox 625 691 852 760; x_wconf 79' lang='lat' dir='ltr'><strong>Moucnnusro</strong></span> <span class='ocrx_word' id='word_1_14' title='bbox 869 713 931 780; x_wconf 86' lang='lat' dir='ltr'><strong>pro</strong></span> <span class='ocrx_word' id='word_1_15' title='bbox 950 690 1109 762; x_wconf 82' lang='lat' dir='ltr'><strong>beneflciis</strong></span> <span class='ocrx_word' id='word_1_16' title='bbox 1128 699 1164 763; x_wconf 92' lang='lat' dir='ltr'><strong>in</strong></span> <span class='ocrx_word' id='word_1_17' title='bbox 1183 723 1241 766; x_wconf 86' lang='lat' dir='ltr'><strong>me</strong></span> 
     </span>
     <span class='ocr_line' id='line_1_4' title="bbox 186 800 1239 895; baseline -0.003 -23"><span class='ocrx_word' id='word_1_18' title='bbox 186 809 306 873; x_wconf 87' lang='lat' dir='ltr'><strong>collatis</strong></span> <span class='ocrx_word' id='word_1_19' title='bbox 325 808 439 894; x_wconf 83' lang='lat' dir='ltr'><strong>gratias</strong></span> <span class='ocrx_word' id='word_1_20' title='bbox 459 802 615 868; x_wconf 84' lang='lat' dir='ltr'><strong>submisse</strong></span> <span class='ocrx_word' id='word_1_21' title='bbox 633 806 696 891; x_wconf 85' lang='lat' dir='ltr'><strong>egi,</strong></span> <span class='ocrx_word' id='word_1_22' title='bbox 708 801 926 869; x_wconf 86' lang='lat' dir='ltr'><strong>Brunsvicum</strong></span> <span class='ocrx_word' id='word_1_23' title='bbox 937 814 970 867; x_wconf 85' lang='lat' dir='ltr'><strong>et</strong></span> <span class='ocrx_word' id='word_1_24' title='bbox 980 800 1239 895; x_wconf 81' lang='lat' dir='ltr'><strong>Guelferbytum,</strong></span> 
     </span>
     <span class='ocr_line' id='line_1_5' title="bbox 151 910 1239 1004; baseline -0.005 -19"><span class='ocrx_word' id='word_1_25' title='bbox 151 945 154 952; x_wconf 68' lang='grc'><strong>’</strong></span> <span class='ocrx_word' id='word_1_26' title='bbox 184 923 246 985; x_wconf 89' lang='lat' dir='ltr'><strong>iter</strong></span> <span class='ocrx_word' id='word_1_27' title='bbox 264 939 322 1004; x_wconf 89' lang='lat' dir='ltr'><strong>per</strong></span> <span class='ocrx_word' id='word_1_28' title='bbox 340 912 503 1001; x_wconf 78' lang='lat' dir='ltr'><strong>cassellas,</strong></span> <span class='ocrx_word' id='word_1_29' title='bbox 523 911 677 998; x_wconf 89' lang='lat' dir='ltr'><strong>Gotham,</strong></span> <span class='ocrx_word' id='word_1_30' title='bbox 704 910 899 998; x_wconf 78' lang='lat' dir='ltr'><strong>Erfirrdiam,</strong></span> <span class='ocrx_word' id='word_1_31' title='bbox 923 910 1112 1002; x_wconf 87' lang='lat' dir='ltr'><strong>Vinariam,</strong></span> <span class='ocrx_word' id='word_1_32' title='bbox 1137 915 1239 980; x_wconf 81' lang='lat' dir='ltr'>direxi</span> 
     </span>
     <span class='ocr_line' id='line_1_6' title="bbox 186 1018 1240 1108; baseline -0.001 -16"><span class='ocrx_word' id='word_1_33' title='bbox 186 1027 319 1092; x_wconf 88' lang='lat' dir='ltr'><strong>Jenam.</strong></span> <span class='ocrx_word' id='word_1_34' title='bbox 360 1023 502 1089; x_wconf 88' lang='lat' dir='ltr'><strong>Animus</strong></span> <span class='ocrx_word' id='word_1_35' title='bbox 521 1019 651 1108; x_wconf 85' lang='lat' dir='ltr'><strong>quidem</strong></span> <span class='ocrx_word' id='word_1_36' title='bbox 670 1031 746 1107; x_wconf 89' lang='lat' dir='ltr'><strong>erat,</strong></span> <span class='ocrx_word' id='word_1_37' title='bbox 765 1031 839 1107; x_wconf 88' lang='lat' dir='ltr'><strong>post</strong></span> <span class='ocrx_word' id='word_1_38' title='bbox 857 1018 976 1106; x_wconf 85' lang='lat' dir='ltr'>aliquot</span> <span class='ocrx_word' id='word_1_39' title='bbox 996 1020 1122 1087; x_wconf 85' lang='lat' dir='ltr'><strong>dierum</strong></span> <span class='ocrx_word' id='word_1_40' title='bbox 1134 1026 1240 1091; x_wconf 68' lang='lat' dir='ltr'><strong>inten-</strong></span> 
     </span>
     <span class='ocr_line' id='line_1_7' title="bbox 185 1128 1239 1222; baseline 0.004 -25"><span class='ocrx_word' id='word_1_41' title='bbox 185 1135 308 1204; x_wconf 84' lang='lat' dir='ltr'><strong>vallum</strong></span> <span class='ocrx_word' id='word_1_42' title='bbox 328 1129 471 1216; x_wconf 88' lang='lat' dir='ltr'><strong>Lipsiam</strong></span> <span class='ocrx_word' id='word_1_43' title='bbox 490 1133 595 1193; x_wconf 89' lang='lat' dir='ltr'><strong>statim</strong></span> <span class='ocrx_word' id='word_1_44' title='bbox 615 1150 765 1214; x_wconf 74' lang='lat' dir='ltr'><strong>pergeres</strong></span> <span class='ocrx_word' id='word_1_45' title='bbox 785 1128 841 1192; x_wconf 90' lang='lat' dir='ltr'><strong>sed</strong></span> <span class='ocrx_word' id='word_1_46' title='bbox 855 1141 987 1216; x_wconf 84' lang='lat' dir='ltr'><strong>urgente</strong></span> <span class='ocrx_word' id='word_1_47' title='bbox 998 1130 1135 1200; x_wconf 67' lang='lat' dir='ltr'><strong>Murrus</strong></span> <span class='ocrx_word' id='word_1_48' title='bbox 1150 1157 1239 1222; x_wconf 88' lang='lat' dir='ltr'><strong>meo,</strong></span> 
     </span>
     <span class='ocr_line' id='line_1_8' title="bbox 184 1233 1239 1333; baseline 0.001 -26"><span class='ocrx_word' id='word_1_49' title='bbox 184 1241 267 1333; x_wconf 81' lang='lat' dir='ltr'><strong>prof.</strong></span> <span class='ocrx_word' id='word_1_50' title='bbox 286 1261 373 1306; x_wconf 90' lang='lat' dir='ltr'><strong>nunc</strong></span> <span class='ocrx_word' id='word_1_51' title='bbox 391 1237 526 1303; x_wconf 88' lang='lat' dir='ltr'><strong>Jenens.</strong></span> <span class='ocrx_word' id='word_1_52' title='bbox 546 1248 578 1300; x_wconf 90' lang='lat' dir='ltr'><strong>et</strong></span> <span class='ocrx_word' id='word_1_53' title='bbox 598 1233 708 1301; x_wconf 89' lang='lat' dir='ltr'><strong>Seren.</strong></span> <span class='ocrx_word' id='word_1_54' title='bbox 733 1239 885 1322; x_wconf 88' lang='lat' dir='ltr'><strong>principis</strong></span> <span class='ocrx_word' id='word_1_55' title='bbox 910 1235 1109 1305; x_wconf 82' lang='lat' dir='ltr'><strong>haereditarii</strong></span> <span class='ocrx_word' id='word_1_56' title='bbox 1131 1243 1239 1308; x_wconf 85' lang='lat' dir='ltr'><strong>Vina-</strong></span> 
     </span>
     <span class='ocr_line' id='line_1_9' title="bbox 183 1345 1238 1438; baseline -0.002 -20"><span class='ocrx_word' id='word_1_57' title='bbox 183 1355 291 1432; x_wconf 86' lang='lat' dir='ltr'><strong>riaein</strong></span> <span class='ocrx_word' id='word_1_58' title='bbox 303 1349 431 1414; x_wconf 90' lang='lat' dir='ltr'><strong>historia</strong></span> <span class='ocrx_word' id='word_1_59' title='bbox 449 1350 584 1432; x_wconf 83' lang='lat' dir='ltr'><strong>jureque</strong></span> <span class='ocrx_word' id='word_1_60' title='bbox 600 1345 729 1432; x_wconf 80' lang='lat' dir='ltr'><strong>publico</strong></span> <span class='ocrx_word' id='word_1_61' title='bbox 748 1359 964 1434; x_wconf 79' lang='lat' dir='ltr'><strong>praeceptore,</strong></span> <span class='ocrx_word' id='word_1_62' title='bbox 980 1352 1084 1413; x_wconf 86' lang='lat' dir='ltr'><strong>amico</strong></span> <span class='ocrx_word' id='word_1_63' title='bbox 1105 1354 1238 1438; x_wconf 88' lang='lat' dir='ltr'><strong>aprima</strong></span> 
     </span>
     <span class='ocr_line' id='line_1_10' title="bbox 183 1452 1237 1547; baseline 0.001 -24"><span class='ocrx_word' id='word_1_64' title='bbox 183 1461 259 1528; x_wconf 89' lang='lat' dir='ltr'><strong>inde</strong></span> <span class='ocrx_word' id='word_1_65' title='bbox 277 1462 441 1546; x_wconf 85' lang='lat' dir='ltr'><strong>juventute</strong></span> <span class='ocrx_word' id='word_1_66' title='bbox 459 1457 573 1546; x_wconf 79' lang='lat' dir='ltr'><strong>intima</strong></span> <span class='ocrx_word' id='word_1_67' title='bbox 592 1452 804 1517; x_wconf 78' lang='lat' dir='ltr'><strong>familiaritate</strong></span> <span class='ocrx_word' id='word_1_68' title='bbox 820 1475 949 1518; x_wconf 85' lang='lat' dir='ltr'><strong>mecum</strong></span> <span class='ocrx_word' id='word_1_69' title='bbox 969 1461 1237 1547; x_wconf 88' lang='lat' dir='ltr'><strong>conjunctissimo,</strong></span> 
     </span>
     <span class='ocr_line' id='line_1_11' title="bbox 109 1561 1238 1654; baseline -0.001 -20"><span class='ocrx_word' id='word_1_70' title='bbox 109 1597 111 1602; x_wconf 55' lang='lat'><strong><em>¹</em></strong></span> <span class='ocrx_word' id='word_1_71' title='bbox 161 1584 220 1635; x_wconf 89' lang='lat' dir='ltr'><strong>-ut</strong></span> <span class='ocrx_word' id='word_1_72' title='bbox 237 1570 396 1654; x_wconf 75' lang='lat' dir='ltr'><strong>longiores</strong></span> <span class='ocrx_word' id='word_1_73' title='bbox 415 1562 460 1627; x_wconf 90' lang='lat' dir='ltr'><strong>ibi</strong></span> <span class='ocrx_word' id='word_1_74' title='bbox 479 1583 588 1627; x_wconf 91' lang='lat' dir='ltr'><strong>moras</strong></span> <span class='ocrx_word' id='word_1_75' title='bbox 605 1561 760 1644; x_wconf 81' lang='lat' dir='ltr'><strong>facerem3</strong></span> <span class='ocrx_word' id='word_1_76' title='bbox 787 1563 972 1630; x_wconf 76' lang='lat' dir='ltr'><strong>eo¹sacilius</strong></span> <span class='ocrx_word' id='word_1_77' title='bbox 996 1564 1030 1643; x_wconf 87' lang='lat' dir='ltr'><strong>id</strong></span> <span class='ocrx_word' id='word_1_78' title='bbox 1054 1569 1238 1654; x_wconf 89' lang='lat' dir='ltr'><strong>persuaderi</strong></span> 
     </span>
     <span class='ocr_line' id='line_1_12' title="bbox 156 1669 1246 1767; baseline -0.002 -25"><span class='ocrx_word' id='word_1_79' title='bbox 156 1708 159 1713; x_wconf 93' lang='lat'>·</span> <span class='ocrx_word' id='word_1_80' title='bbox 183 1677 265 1744; x_wconf 89' lang='lat' dir='ltr'><strong>mihi</strong></span> <span class='ocrx_word' id='word_1_81' title='bbox 284 1695 391 1762; x_wconf 88' lang='lat' dir='ltr'><strong>passus</strong></span> <span class='ocrx_word' id='word_1_82' title='bbox 410 1670 466 1758; x_wconf 77' lang='lat' dir='ltr'><strong>fui,</strong></span> <span class='ocrx_word' id='word_1_83' title='bbox 486 1669 574 1756; x_wconf 91' lang='lat' dir='ltr'><strong>quod</strong></span> <span class='ocrx_word' id='word_1_84' title='bbox 591 1669 753 1761; x_wconf 78' lang='lat' dir='ltr'><strong>Trurros,</strong></span> <span class='ocrx_word' id='word_1_85' title='bbox 774 1693 910 1759; x_wconf 87' lang='lat' dir='ltr'><strong>magnus</strong></span> <span class='ocrx_word' id='word_1_86' title='bbox 936 1673 1125 1767; x_wconf 77' lang='lat' dir='ltr'><strong>philologus,</strong></span> <span class='ocrx_word' id='word_1_87' title='bbox 1144 1700 1246 1752; x_wconf 82' lang='lat' dir='ltr'><strong>suam</strong></span> 
     </span>
     <span class='ocr_line' id='line_1_13' title="bbox 183 1778 1238 1886; baseline -0.001 -35"><span class='ocrx_word' id='word_1_88' title='bbox 183 1786 323 1852; x_wconf 89' lang='lat' dir='ltr'><strong>mihim</strong></span> <span class='ocrx_word' id='word_1_89' title='bbox 350 1778 504 1846; x_wconf 80' lang='lat' dir='ltr'><strong>discendis</strong></span> <span class='ocrx_word' id='word_1_90' title='bbox 523 1779 634 1842; x_wconf 90' lang='lat' dir='ltr'><strong>litteris</strong></span> <span class='ocrx_word' id='word_1_91' title='bbox 657 1778 801 1846; x_wconf 89' lang='lat' dir='ltr'><strong>Arabicis</strong></span> <span class='ocrx_word' id='word_1_92' title='bbox 830 1781 1077 1871; x_wconf 89' lang='lat' dir='ltr'><strong>Rabbiuicisque</strong></span> <span class='ocrx_word' id='word_1_93' title='bbox 1104 1808 1238 1886; x_wconf 88' lang='lat' dir='ltr'><strong>operam</strong></span> 
     </span>
     <span class='ocr_line' id='line_1_14' title="bbox 182 1871 1238 1983; baseline -0.001 -26"><span class='ocrx_word' id='word_1_94' title='bbox 182 1894 431 1983; x_wconf 88' lang='lat' dir='ltr'><strong>privatissimam</strong></span> <span class='ocrx_word' id='word_1_95' title='bbox 449 1871 673 1972; x_wconf 87' lang='lat' dir='ltr'><strong>pollicebatur.</strong></span> <span class='ocrx_word' id='word_1_96' title='bbox 711 1885 826 1973; x_wconf 91' lang='lat' dir='ltr'><strong>Neque</strong></span> <span class='ocrx_word' id='word_1_97' title='bbox 844 1912 899 1953; x_wconf 90' lang='lat' dir='ltr'><strong>me</strong></span> <span class='ocrx_word' id='word_1_98' title='bbox 918 1902 1065 1976; x_wconf 84' lang='lat' dir='ltr'><strong>unquam</strong></span> <span class='ocrx_word' id='word_1_99' title='bbox 1081 1897 1238 1979; x_wconf 88' lang='lat' dir='ltr'><strong>poenituit</strong></span> 
     </span>
     <span class='ocr_line' id='line_1_15' title="bbox 181 1993 1238 2082; baseline -0.004 -15"><span class='ocrx_word' id='word_1_100' title='bbox 181 2006 271 2068; x_wconf 88' lang='lat' dir='ltr'><strong>istius</strong></span> <span class='ocrx_word' id='word_1_101' title='bbox 291 1996 424 2063; x_wconf 88' lang='lat' dir='ltr'><strong>consilii.</strong></span> <span class='ocrx_word' id='word_1_102' title='bbox 465 1993 554 2057; x_wconf 86' lang='lat' dir='ltr'><strong>Nam</strong></span> <span class='ocrx_word' id='word_1_103' title='bbox 573 2006 605 2058; x_wconf 86' lang='lat' dir='ltr'><strong>et</strong></span> <span class='ocrx_word' id='word_1_104' title='bbox 623 2008 862 2082; x_wconf 79' lang='lat' dir='ltr'><strong>praeceptorem</strong></span> <span class='ocrx_word' id='word_1_105' title='bbox 881 1996 980 2062; x_wconf 88' lang='lat' dir='ltr'><strong>habui</strong></span> <span class='ocrx_word' id='word_1_106' title='bbox 997 1997 1062 2063; x_wconf 77' lang='lat' dir='ltr'><strong>fide</strong></span> <span class='ocrx_word' id='word_1_107' title='bbox 1080 2021 1148 2064; x_wconf 91' lang='lat' dir='ltr'><strong>non</strong></span> <span class='ocrx_word' id='word_1_108' title='bbox 1168 2005 1238 2063; x_wconf 91' lang='lat' dir='ltr'><strong>mi-</strong></span> 
     </span>
     <span class='ocr_line' id='line_1_16' title="bbox 183 2105 1237 2197; baseline 0.004 -24"><span class='ocrx_word' id='word_1_109' title='bbox 183 2132 255 2197; x_wconf 86' lang='lat' dir='ltr'><strong>nus,</strong></span> <span class='ocrx_word' id='word_1_110' title='bbox 276 2129 313 2170; x_wconf 91' lang='lat' dir='ltr'><strong>ac</strong></span> <span class='ocrx_word' id='word_1_111' title='bbox 333 2105 514 2170; x_wconf 83' lang='lat' dir='ltr'><strong>dexteritate</strong></span> <span class='ocrx_word' id='word_1_112' title='bbox 533 2106 704 2191; x_wconf 81' lang='lat' dir='ltr'><strong>insignem,</strong></span> <span class='ocrx_word' id='word_1_113' title='bbox 724 2115 755 2168; x_wconf 88' lang='lat' dir='ltr'><strong>et</strong></span> <span class='ocrx_word' id='word_1_114' title='bbox 774 2105 925 2192; x_wconf 84' lang='lat' dir='ltr'><strong>siugulari</strong></span> <span class='ocrx_word' id='word_1_115' title='bbox 944 2121 1106 2194; x_wconf 88' lang='lat' dir='ltr'><strong>praeterea</strong></span> <span class='ocrx_word' id='word_1_116' title='bbox 1124 2108 1237 2177; x_wconf 80' lang='lat' dir='ltr'><strong>favore</strong></span> 
     </span>
     <span class='ocr_line' id='line_1_17' title="bbox 183 2209 1236 2301; baseline 0.002 -20"><span class='ocrx_word' id='word_1_117' title='bbox 183 2238 257 2282; x_wconf 90' lang='lat' dir='ltr'><strong>usus</strong></span> <span class='ocrx_word' id='word_1_118' title='bbox 275 2216 321 2277; x_wconf 88' lang='lat' dir='ltr'><strong>fui</strong></span> <span class='ocrx_word' id='word_1_119' title='bbox 339 2219 364 2279; x_wconf 83' lang='lat' dir='ltr'><strong>s.</strong></span> <span class='ocrx_word' id='word_1_120' title='bbox 384 2234 460 2281; x_wconf 87' lang='lat' dir='ltr'><strong>ven.</strong></span> <span class='ocrx_word' id='word_1_121' title='bbox 478 2209 659 2301; x_wconf 77' lang='lat' dir='ltr'><strong>WArcurr,</strong></span> <span class='ocrx_word' id='word_1_122' title='bbox 686 2213 898 2278; x_wconf 77' lang='lat' dir='ltr'><strong>familiaritate</strong></span> <span class='ocrx_word' id='word_1_123' title='bbox 923 2228 1029 2280; x_wconf 91' lang='lat' dir='ltr'><strong>autem</strong></span> <span class='ocrx_word' id='word_1_124' title='bbox 1047 2221 1236 2285; x_wconf 84' lang='lat' dir='ltr'><strong>suavissima</strong></span> 
     </span>
     <span class='ocr_line' id='line_1_18' title="bbox 183 2319 1235 2414; baseline 0.001 -24"><span class='ocrx_word' id='word_1_125' title='bbox 183 2325 402 2405; x_wconf 75' lang='lat' dir='ltr'><strong>Brunrucunr,</strong></span> <span class='ocrx_word' id='word_1_126' title='bbox 421 2319 537 2386; x_wconf 86' lang='lat' dir='ltr'><strong>medlo.</strong></span> <span class='ocrx_word' id='word_1_127' title='bbox 556 2321 639 2406; x_wconf 79' lang='lat' dir='ltr'><strong>prof.</strong></span> <span class='ocrx_word' id='word_1_128' title='bbox 659 2320 767 2408; x_wconf 74' lang='lat' dir='ltr'><strong>celeb,</strong></span> <span class='ocrx_word' id='word_1_129' title='bbox 787 2321 1157 2414; x_wconf 79' lang='lat' dir='ltr'><strong>et·cel.W1rnnruncrr,</strong></span> <span class='ocrx_word' id='word_1_130' title='bbox 1175 2351 1235 2391; x_wconf 93' lang='lat' dir='ltr'><strong>cu-</strong></span> 
     </span>
     <span class='ocr_line' id='line_1_19' title="bbox 182 2429 1238 2518; baseline 0.003 -22"><span class='ocrx_word' id='word_1_131' title='bbox 182 2435 232 2518; x_wconf 88' lang='lat' dir='ltr'><strong>jus</strong></span> <span class='ocrx_word' id='word_1_132' title='bbox 254 2431 500 2494; x_wconf 88' lang='lat' dir='ltr'><strong>humanissimae</strong></span> <span class='ocrx_word' id='word_1_133' title='bbox 521 2450 648 2515; x_wconf 90' lang='lat' dir='ltr'><strong>quoque</strong></span> <span class='ocrx_word' id='word_1_134' title='bbox 668 2429 939 2495; x_wconf 82' lang='lat' dir='ltr'><strong>commendationi</strong></span> <span class='ocrx_word' id='word_1_135' title='bbox 958 2431 1059 2498; x_wconf 90' lang='lat' dir='ltr'><strong>debeo</strong></span> <span class='ocrx_word' id='word_1_136' title='bbox 1078 2433 1238 2500; x_wconf 89' lang='lat' dir='ltr'><strong>honorem</strong></span> 
     </span>
     <span class='ocr_line' id='line_1_20' title="bbox 183 2520 1239 2608; baseline 0.003 -4"><span class='ocrx_word' id='word_1_137' title='bbox 183 2561 220 2605; x_wconf 88' lang='lat' dir='ltr'><strong>ac</strong></span> <span class='ocrx_word' id='word_1_138' title='bbox 239 2538 367 2603; x_wconf 86' lang='lat' dir='ltr'><strong>titulum</strong></span> <span class='ocrx_word' id='word_1_139' title='bbox 387 2520 527 2602; x_wconf 84' lang='lat' dir='ltr'><strong>membri</strong></span> <span class='ocrx_word' id='word_1_140' title='bbox 539 2536 708 2603; x_wconf 68' lang='lat' dir='ltr'><strong>&#39;Societatis</strong></span> <span class='ocrx_word' id='word_1_141' title='bbox 726 2539 857 2604; x_wconf 90' lang='lat' dir='ltr'><strong>Ducalis</strong></span> <span class='ocrx_word' id='word_1_142' title='bbox 875 2539 1071 2606; x_wconf 87' lang='lat' dir='ltr'><strong>Teutonicae</strong></span> <span class='ocrx_word' id='word_1_143' title='bbox 1093 2541 1239 2608; x_wconf 79' lang='lat' dir='ltr'><strong>honora-</strong></span> 
     </span>
     <span class='ocr_line' id='line_1_21' title="bbox 182 2645 1236 2736; baseline 0.002 -23"><span class='ocrx_word' id='word_1_144' title='bbox 182 2652 234 2715; x_wconf 85' lang='lat' dir='ltr'><strong>rii.</strong></span> <span class='ocrx_word' id='word_1_145' title='bbox 274 2645 411 2712; x_wconf 87' lang='lat' dir='ltr'><strong>Etcum</strong></span> <span class='ocrx_word' id='word_1_146' title='bbox 428 2647 486 2710; x_wconf 89' lang='lat' dir='ltr'><strong>illo</strong></span> <span class='ocrx_word' id='word_1_147' title='bbox 506 2661 667 2734; x_wconf 90' lang='lat' dir='ltr'><strong>tempore,</strong></span> <span class='ocrx_word' id='word_1_148' title='bbox 697 2671 760 2735; x_wconf 92' lang='lat' dir='ltr'><strong>quo</strong></span> <span class='ocrx_word' id='word_1_149' title='bbox 779 2662 851 2736; x_wconf 89' lang='lat' dir='ltr'><strong>post</strong></span> <span class='ocrx_word' id='word_1_150' title='bbox 871 2661 1016 2720; x_wconf 77' lang='lat' dir='ltr'><strong>exactum</strong></span> <span class='ocrx_word' id='word_1_151' title='bbox 1035 2649 1101 2714; x_wconf 89' lang='lat' dir='ltr'><strong>fere</strong></span> <span class='ocrx_word' id='word_1_152' title='bbox 1120 2656 1236 2715; x_wconf 85' lang='lat' dir='ltr'><strong>trime-</strong></span> 
     </span>
     <span class='ocr_line' id='line_1_22' title="bbox 182 2753 1238 2847; baseline 0.005 -29"><span class='ocrx_word' id='word_1_153' title='bbox 182 2769 246 2822; x_wconf 89' lang='lat' dir='ltr'><strong>stre</strong></span> <span class='ocrx_word' id='word_1_154' title='bbox 265 2759 413 2842; x_wconf 88' lang='lat' dir='ltr'><strong>spatium,</strong></span> <span class='ocrx_word' id='word_1_155' title='bbox 432 2753 567 2820; x_wconf 90' lang='lat' dir='ltr'><strong>Jenensi</strong></span> <span class='ocrx_word' id='word_1_156' title='bbox 586 2760 832 2822; x_wconf 87' lang='lat' dir='ltr'><strong>commorationi</strong></span> <span class='ocrx_word' id='word_1_157' title='bbox 851 2778 871 2829; x_wconf 86' lang='lat' dir='ltr'><strong>a</strong></span> <span class='ocrx_word' id='word_1_158' title='bbox 887 2778 941 2819; x_wconf 91' lang='lat' dir='ltr'><strong>me</strong></span> <span class='ocrx_word' id='word_1_159' title='bbox 956 2756 1156 2847; x_wconf 88' lang='lat' dir='ltr'><strong>destinatum,</strong></span> <span class='ocrx_word' id='word_1_160' title='bbox 1177 2782 1238 2847; x_wconf 80' lang='lat' dir='ltr'><strong>co-</strong></span> 
     </span>
     <span class='ocr_line' id='line_1_23' title="bbox 182 2863 1236 2953; baseline 0.006 -27"><span class='ocrx_word' id='word_1_161' title='bbox 182 2863 322 2951; x_wconf 85' lang='lat' dir='ltr'><strong>gitabam</strong></span> <span class='ocrx_word' id='word_1_162' title='bbox 342 2863 382 2928; x_wconf 93' lang='lat' dir='ltr'><strong>de</strong></span> <span class='ocrx_word' id='word_1_163' title='bbox 399 2863 496 2950; x_wconf 87' lang='lat' dir='ltr'><strong>abitu,</strong></span> <span class='ocrx_word' id='word_1_164' title='bbox 525 2868 593 2932; x_wconf 83' lang='lat' dir='ltr'><strong>vita</strong></span> <span class='ocrx_word' id='word_1_165' title='bbox 612 2863 795 2952; x_wconf 79' lang='lat' dir='ltr'><strong>firngeretur</strong></span> <span class='ocrx_word' id='word_1_166' title='bbox 815 2868 953 2952; x_wconf 90' lang='lat' dir='ltr'><strong>optimus</strong></span> <span class='ocrx_word' id='word_1_167' title='bbox 973 2864 1133 2953; x_wconf 79' lang='lat' dir='ltr'><strong>Trnrrus,</strong></span> <span class='ocrx_word' id='word_1_168' title='bbox 1155 2867 1236 2932; x_wconf 91' lang='lat' dir='ltr'><strong>adeo</strong></span> 
     </span>
     <span class='ocr_line' id='line_1_24' title="bbox 183 2970 1236 3062; baseline 0.005 -26"><span class='ocrx_word' id='word_1_169' title='bbox 183 2971 343 3040; x_wconf 87' lang='lat' dir='ltr'><strong>benevole</strong></span> <span class='ocrx_word' id='word_1_170' title='bbox 364 2970 404 3035; x_wconf 91' lang='lat' dir='ltr'><strong>de</strong></span> <span class='ocrx_word' id='word_1_171' title='bbox 424 2993 478 3034; x_wconf 91' lang='lat' dir='ltr'><strong>me</strong></span> <span class='ocrx_word' id='word_1_172' title='bbox 497 2975 593 3036; x_wconf 87' lang='lat' dir='ltr'><strong>sensit</strong></span> <span class='ocrx_word' id='word_1_173' title='bbox 611 2973 751 3058; x_wconf 87' lang='lat' dir='ltr'><strong>ampliss.</strong></span> <span class='ocrx_word' id='word_1_174' title='bbox 769 2972 882 3059; x_wconf 90' lang='lat' dir='ltr'><strong>philos.</strong></span> <span class='ocrx_word' id='word_1_175' title='bbox 903 2974 1001 3062; x_wconf 73' lang='lat' dir='ltr'><strong>ordo,</strong></span> <span class='ocrx_word' id='word_1_176' title='bbox 1020 2988 1056 3037; x_wconf 89' lang='lat' dir='ltr'><strong>ut</strong></span> <span class='ocrx_word' id='word_1_177' title='bbox 1074 2998 1140 3062; x_wconf 90' lang='lat' dir='ltr'><strong>me,</strong></span> <span class='ocrx_word' id='word_1_178' title='bbox 1166 2999 1236 3042; x_wconf 91' lang='lat' dir='ltr'><strong>non</strong></span> 
     </span>
     <span class='ocr_line' id='line_1_25' title="bbox 182 3077 1235 3172; baseline 0.003 -27"><span class='ocrx_word' id='word_1_179' title='bbox 182 3082 318 3145; x_wconf 89' lang='lat' dir='ltr'><strong>iuscium</strong></span> <span class='ocrx_word' id='word_1_180' title='bbox 337 3077 447 3160; x_wconf 88' lang='lat' dir='ltr'><strong>modo,</strong></span> <span class='ocrx_word' id='word_1_181' title='bbox 467 3078 522 3143; x_wconf 91' lang='lat' dir='ltr'><strong>sed</strong></span> <span class='ocrx_word' id='word_1_182' title='bbox 543 3093 574 3142; x_wconf 91' lang='lat' dir='ltr'><strong>et</strong></span> <span class='ocrx_word' id='word_1_183' title='bbox 592 3079 653 3143; x_wconf 88' lang='lat' dir='ltr'><strong>tale</strong></span> <span class='ocrx_word' id='word_1_184' title='bbox 673 3079 749 3165; x_wconf 90' lang='lat' dir='ltr'><strong>quid</strong></span> <span class='ocrx_word' id='word_1_185' title='bbox 768 3103 898 3167; x_wconf 87' lang='lat' dir='ltr'><strong>prorsus</strong></span> <span class='ocrx_word' id='word_1_186' title='bbox 915 3105 984 3147; x_wconf 93' lang='lat' dir='ltr'><strong>non</strong></span> <span class='ocrx_word' id='word_1_187' title='bbox 1007 3095 1235 3172; x_wconf 82' lang='lat' dir='ltr'><strong>expectantem,</strong></span> 
     </span>
     <span class='ocr_line' id='line_1_26' title="bbox 183 3191 1235 3277; baseline 0.006 -25"><span class='ocrx_word' id='word_1_188' title='bbox 183 3200 345 3276; x_wconf 90' lang='lat' dir='ltr'><strong>cooptaret</strong></span> <span class='ocrx_word' id='word_1_189' title='bbox 362 3191 397 3251; x_wconf 94' lang='lat' dir='ltr'><strong>in</strong></span> <span class='ocrx_word' id='word_1_190' title='bbox 414 3207 528 3251; x_wconf 90' lang='lat' dir='ltr'><strong>eorum</strong></span> <span class='ocrx_word' id='word_1_191' title='bbox 547 3209 738 3273; x_wconf 90' lang='lat' dir='ltr'><strong>numerum,</strong></span> <span class='ocrx_word' id='word_1_192' title='bbox 766 3210 846 3274; x_wconf 90' lang='lat' dir='ltr'><strong>quos</strong></span> <span class='ocrx_word' id='word_1_193' title='bbox 870 3204 1022 3277; x_wconf 84' lang='lat' dir='ltr'><strong>tanquam</strong></span> <span class='ocrx_word' id='word_1_194' title='bbox 1040 3191 1173 3269; x_wconf 83' lang='lat' dir='ltr'><strong>idoneos</strong></span> <span class='ocrx_word' id='word_1_195' title='bbox 1193 3194 1235 3259; x_wconf 91' lang='lat' dir='ltr'><strong>ad</strong></span> 
     </span>
     <span class='ocr_line' id='line_1_27' title="bbox 105 3295 1236 3383; baseline 0.003 -23"><span class='ocrx_word' id='word_1_196' title='bbox 105 3313 108 3318; x_wconf 86' lang='grc'><em>·</em></span> <span class='ocrx_word' id='word_1_197' title='bbox 182 3319 301 3360; x_wconf 91' lang='lat' dir='ltr'><strong>munus</strong></span> <span class='ocrx_word' id='word_1_198' title='bbox 321 3296 403 3383; x_wconf 87' lang='lat' dir='ltr'><strong>prof.</strong></span> <span class='ocrx_word' id='word_1_199' title='bbox 423 3295 492 3362; x_wconf 84' lang='lat' dir='ltr'><strong>LL.</strong></span> <span class='ocrx_word' id='word_1_200' title='bbox 520 3295 594 3362; x_wconf 82' lang='grc' dir='ltr'><strong>ΟΟ.</strong></span> <span class='ocrx_word' id='word_1_201' title='bbox 621 3295 724 3361; x_wconf 91' lang='lat' dir='ltr'><strong>ordin.</strong></span> <span class='ocrx_word' id='word_1_202' title='bbox 750 3298 970 3361; x_wconf 87' lang='lat' dir='ltr'><strong>sustinendum</strong></span> <span class='ocrx_word' id='word_1_203' title='bbox 996 3301 1236 3368; x_wconf 85' lang='lat' dir='ltr'><strong>commendaret</strong></span> 
     </span>
     <span class='ocr_line' id='line_1_28' title="bbox 185 3401 1234 3496; baseline 0.004 -27"><span class='ocrx_word' id='word_1_204' title='bbox 185 3403 399 3469; x_wconf 78' lang='lat' dir='ltr'><strong>serenissimis</strong></span> <span class='ocrx_word' id='word_1_205' title='bbox 417 3401 560 3468; x_wconf 91' lang='lat' dir='ltr'><strong>Ducibus</strong></span> <span class='ocrx_word' id='word_1_206' title='bbox 579 3401 752 3468; x_wconf 78' lang='lat' dir='ltr'><strong>saxonicis.</strong></span> <span class='ocrx_word' id='word_1_207' title='bbox 795 3402 894 3495; x_wconf 86' lang='lat' dir='ltr'><strong>Quod</strong></span> <span class='ocrx_word' id='word_1_208' title='bbox 915 3428 987 3468; x_wconf 88' lang='lat' dir='ltr'><strong>oum</strong></span> <span class='ocrx_word' id='word_1_209' title='bbox 1008 3408 1090 3470; x_wconf 90' lang='lat' dir='ltr'><strong>mihi</strong></span> <span class='ocrx_word' id='word_1_210' title='bbox 1110 3409 1234 3496; x_wconf 86' lang='lat' dir='ltr'><strong>signifi-</strong></span> 
     </span>
     <span class='ocr_line' id='line_1_29' title="bbox 183 3511 1234 3603; baseline 0.006 -28"><span class='ocrx_word' id='word_1_211' title='bbox 183 3524 269 3576; x_wconf 90' lang='lat' dir='ltr'><strong>caret</strong></span> <span class='ocrx_word' id='word_1_212' title='bbox 289 3512 388 3580; x_wconf 89' lang='lat' dir='ltr'><strong>celeb.</strong></span> <span class='ocrx_word' id='word_1_213' title='bbox 409 3511 633 3592; x_wconf 77' lang='lat' dir='ltr'><strong>Hruurrorus‚</strong></span> <span class='ocrx_word' id='word_1_214' title='bbox 655 3513 774 3578; x_wconf 90' lang='lat' dir='ltr'><strong>ordinis</strong></span> <span class='ocrx_word' id='word_1_215' title='bbox 801 3519 851 3579; x_wconf 93' lang='lat' dir='ltr'><strong>sui</strong></span> <span class='ocrx_word' id='word_1_216' title='bbox 874 3527 944 3578; x_wconf 87' lang='lat' dir='ltr'><strong>tum</strong></span> <span class='ocrx_word' id='word_1_217' title='bbox 963 3516 1126 3603; x_wconf 88' lang='lat' dir='ltr'><strong>Decanus,</strong></span> <span class='ocrx_word' id='word_1_218' title='bbox 1157 3541 1234 3603; x_wconf 82' lang='lat' dir='ltr'><strong>gra-</strong></span> 
     </span>
     <span class='ocr_line' id='line_1_30' title="bbox 182 3619 1234 3708; baseline 0.004 -24"><span class='ocrx_word' id='word_1_219' title='bbox 182 3622 306 3685; x_wconf 84' lang='lat' dir='ltr'><strong>tissimo</strong></span> <span class='ocrx_word' id='word_1_220' title='bbox 326 3619 466 3706; x_wconf 88' lang='lat' dir='ltr'><strong>quidem,</strong></span> <span class='ocrx_word' id='word_1_221' title='bbox 485 3624 532 3684; x_wconf 85' lang='lat' dir='ltr'><strong>uti</strong></span> <span class='ocrx_word' id='word_1_222' title='bbox 550 3643 609 3707; x_wconf 86' lang='lat' dir='ltr'><strong>par</strong></span> <span class='ocrx_word' id='word_1_223' title='bbox 629 3634 705 3708; x_wconf 89' lang='lat' dir='ltr'><strong>erat,</strong></span> <span class='ocrx_word' id='word_1_224' title='bbox 731 3625 840 3685; x_wconf 92' lang='lat' dir='ltr'><strong>animo</strong></span> <span class='ocrx_word' id='word_1_225' title='bbox 869 3635 1037 3688; x_wconf 84' lang='lat' dir='ltr'><strong>veneratus</strong></span> <span class='ocrx_word' id='word_1_226' title='bbox 1064 3625 1111 3686; x_wconf 89' lang='lat' dir='ltr'><strong>fui</strong></span> <span class='ocrx_word' id='word_1_227' title='bbox 1136 3628 1234 3688; x_wconf 89' lang='lat' dir='ltr'><strong>istum</strong></span> 
     </span>
     <span class='ocr_line' id='line_1_31' title="bbox 185 3717 1234 3819; baseline 0.009 -28"><span class='ocrx_word' id='word_1_228' title='bbox 185 3725 345 3792; x_wconf 87' lang='lat' dir='ltr'><strong>bonorem</strong></span> <span class='ocrx_word' id='word_1_229' title='bbox 365 3731 530 3814; x_wconf 81' lang='lat' dir='ltr'><strong>eximium,</strong></span> <span class='ocrx_word' id='word_1_230' title='bbox 549 3728 605 3792; x_wconf 87' lang='lat' dir='ltr'><strong>sed</strong></span> <span class='ocrx_word' id='word_1_231' title='bbox 624 3742 656 3793; x_wconf 87' lang='lat' dir='ltr'><strong>et</strong></span> <span class='ocrx_word' id='word_1_232' title='bbox 675 3727 809 3792; x_wconf 83' lang='lat' dir='ltr'><strong>candido</strong></span> <span class='ocrx_word' id='word_1_233' title='bbox 827 3731 922 3794; x_wconf 89' lang='lat' dir='ltr'><strong>simul</strong></span> <span class='ocrx_word' id='word_1_234' title='bbox 938 3717 1106 3819; x_wconf 85' lang='lat' dir='ltr'><strong>professus,</strong></span> <span class='ocrx_word' id='word_1_235' title='bbox 1130 3756 1185 3798; x_wconf 91' lang='lat' dir='ltr'><strong>me</strong></span> <span class='ocrx_word' id='word_1_236' title='bbox 1202 3749 1234 3800; x_wconf 89' lang='lat' dir='ltr'><strong>et</strong></span> 
     </span>
     <span class='ocr_line' id='line_1_32' title="bbox 182 3836 1233 3930; baseline 0.006 -29"><span class='ocrx_word' id='word_1_237' title='bbox 182 3836 341 3922; x_wconf 79' lang='lat' dir='ltr'><strong>imparem</strong></span> <span class='ocrx_word' id='word_1_238' title='bbox 367 3836 518 3904; x_wconf 80' lang='lat' dir='ltr'><strong>futurum·</strong></span> <span class='ocrx_word' id='word_1_239' title='bbox 531 3842 659 3904; x_wconf 89' lang='lat' dir='ltr'><strong>muneri</strong></span> <span class='ocrx_word' id='word_1_240' title='bbox 685 3837 732 3903; x_wconf 90' lang='lat' dir='ltr'><strong>illi</strong></span> <span class='ocrx_word' id='word_1_241' title='bbox 759 3841 946 3926; x_wconf 84' lang='lat' dir='ltr'><strong>gravissimo</strong></span> <span class='ocrx_word' id='word_1_242' title='bbox 972 3844 1033 3907; x_wconf 90' lang='lat' dir='ltr'><strong>rite</strong></span> <span class='ocrx_word' id='word_1_243' title='bbox 1066 3841 1233 3930; x_wconf 87' lang='lat' dir='ltr'><strong>explendo,</strong></span> 
     </span>
    </p>
   </div>
   <div class='ocr_carea' id='block_1_3' title="bbox 0 0 1392 5124">
    <p class='ocr_par' dir='ltr' id='par_1_3' title="bbox 0 0 1392 5124">
     <span class='ocr_line' id='line_1_33' title="bbox 0 0 1392 5124; baseline 0 2"><span class='ocrx_word' id='word_1_244' title='bbox 0 0 1392 5124; x_wconf 95' lang='lat' dir='ltr'><strong> </strong></span> 
     </span>
    </p>
   </div>
  </div>
 </body>
</html>
