2776 5124
164 460 204 523 80
447 516 452 524 ,
487 445 540 510 Du
560 445 718 513 Macran
736 444 879 533 Lororo,

161 645 214 689 sus
239 618 422 707 prIncipum
448 611 569 698 aliquot
588 608 758 678 baberetur
777 612 819 679 ad
840 609 1065 703 componenda
1085 614 1215 684 dissidia

161 734 349 812 animosque
379 719 607 807 conciliandos,
643 720 799 785 adhibitus
829 720 870 786 ad
899 743 975 789 eum
1005 713 1132 810 quoque
1163 739 1211 791 est

160 835 404 922 salisburgensis
427 829 470 894 ob
490 850 644 914 magnam
664 834 931 894 existimationem
952 830 992 896 de
1012 834 1079 912 eius
1099 839 1136 898 in
1156 856 1215 899 re-

160 947 220 1013 bus
248 941 416 1010 tractandis
444 937 623 1026 prudentia.
673 936 880 1026 congregatis
911 939 1106 1025 principibus
1137 964 1214 1008 cum

164 1061 328 1142 episcopus
348 1051 567 1135 Augustanus,
589 1043 771 1132 Christoph.
791 1070 810 1111 a
827 1045 959 1112 Stadiou
988 1047 1125 1134 (etipse
1139 1049 1214 1115 Tu-

162 1163 278 1250 bingae
304 1159 525 1223 baccalaureus
553 1175 638 1218 anno
664 1155 760 1218 seculi
781 1155 896 1220 decimi
917 1161 1020 1243 quinti
1039 1162 1214 1246 nonagesi-

162 1293 220 1335 mo
247 1272 354 1356 primo
369 1277 413 1351 ,et
437 1267 587 1349 magister
612 1284 697 1326 anno
722 1267 931 1351 nonagesimo
958 1279 1069 1352 quarto
1090 1290 1213 1335 renun-

162 1376 281 1461 tiatus)
308 1378 356 1440 rei
383 1371 604 1437 deliberandae
630 1374 758 1434 initium
784 1373 901 1437 faceret
930 1379 1073 1439 oratione
1102 1382 1212 1464 gravi,

163 1509 227 1576 qua
255 1484 449 1568 hortaretur,
482 1479 801 1564 circumspiciendum
830 1503 910 1567 esse,
948 1504 991 1546 ne
1011 1485 1089 1570 quid
1109 1485 1211 1552 verbo

101 1636 104 1640 ι
167 1597 279 1662 divino
301 1594 497 1656 contrarium
518 1600 698 1674 statuerent,
719 1611 823 1675 neque
844 1592 933 1653 enim
945 1588 1146 1658 Lutberanos
1160 1595 1212 1658 ul-

161 1704 232 1768 lum
251 1699 328 1766 fidei
348 1698 516 1764 articulum
537 1717 724 1782 oppugnare
744 1697 799 1761 vel
812 1711 973 1784 evertere,
994 1702 1089 1786 igitur
1103 1697 1212 1766 bono-

86 1804 90 1810 ’
160 1833 237 1877 rum
258 1813 407 1873 omnium
427 1827 510 1892 esse,
533 1817 568 1867 ut
588 1802 629 1866 ad
648 1807 817 1890 pristinam
837 1806 984 1871 ecclesiae
1006 1810 1212 1876 concordiam

160 1916 414 2004 recuperandam
434 1910 751 1997 confirmandamque
770 1917 879 1977 omnia
896 1915 1005 1980 sedulo
1018 1932 1130 2004 agaut;
1152 1919 1211 1985 Sa.

161 2027 365 2113 lisburgensis
385 2024 435 2087 his
456 2021 569 2087 auditis
589 2042 743 2087 conversa
763 2021 804 2085 ad
820 2021 1046 2110 Augustauum
1066 2031 1216 2109 oratioue,

161 2133 212 2200 his
232 2157 309 2199 eum
328 2131 437 2199 verbis
457 2129 675 2215 compellavit:
907 2120 912 2125 ’

248 2240 369 2329 „Unde
396 2238 453 2302 tibi
477 2237 555 2301 haec
582 2236 682 2302 subita
706 2240 840 2305 mutatio
863 2254 894 2307 et
913 2243 1072 2331 insperata
1091 2248 1232 2314 sancti-.

163 2353 230 2416 tasi
260 2349 357 2413 aliam
382 2351 470 2411 enim
495 2359 638 2410 mentem
661 2358 693 2408 et
714 2346 753 2410 de
773 2349 928 2436 religione
948 2356 1138 2418 sententiam
1156 2377 1213 2420 mc

165 2481 205 2524 ex
232 2470 264 2522 te
287 2477 356 2522 non
381 2460 426 2518 ita
450 2453 577 2541 pridem
604 2453 762 2520 audivisse
788 2463 909 2523 receuti
936 2465 1111 2526 etiamnum
1138 2484 1214 2527 me-

162 2568 269 2632 moria
297 2558 424 2628 tene0“.
475 2560 538 2627 Cui
558 2561 760 2647 Augustanus
787 2563 866 2630 haec
892 2568 1072 2654 respondit:
1109 2569 1213 2658 „Nou

164 2673 314 2761 equidem
344 2694 400 2736 me
427 2666 578 2733 hactenus
601 2669 702 2733 multa
722 2674 821 2756 impia
848 2686 879 2737 et
898 2675 1145 2761 reprehensione
1162 2679 1211 2744 di-

162 2803 228 2870 gna
254 2782 335 2844 facta
361 2780 539 2866 designasse
561 2778 714 2867 diffiteor,
738 2780 792 2843 sed
813 2781 982 2846 meliorem
1002 2786 1138 2852 vivendi
1157 2809 1211 2853 ra.

162 2893 286 2954 tionem
312 2892 401 2975 sequi
428 2908 575 2973 praesens
602 2910 656 2950 me
681 2901 805 2976 tempus
832 2890 929 2975 jubet.
969 2890 1014 2955 At
1034 2905 1126 2956 tuum
1146 2895 1212 2960 for-

161 3002 250 3064 tassis
271 3001 357 3063 vitae
376 3000 555 3060 institutum
574 3018 650 3060 meo
668 3018 737 3061 non
756 2999 896 3062 multum
917 3012 963 3063 est
984 3000 1160 3087 religiosius
1180 3014 1213 3068 et

162 3107 295 3171 melius:
325 3117 413 3169 tauto
443 3124 523 3171 vero
553 3114 643 3166 tuum
670 3111 873 3192 propositum
901 3128 975 3171 meo
1005 3119 1036 3171 et
1061 3112 1152 3194 pejus
1178 3123 1213 3175 et

162 3212 423 3300 abominabilius,
457 3222 574 3298 quanto
604 3216 720 3297 majori
749 3219 922 3301 pertinacia
951 3228 983 3279 et
1008 3221 1213 3282 contentione

162 3335 290 3409 peccata
327 3336 382 3387 tua
419 3343 584 3407 excusare,
624 3322 837 3387 idololatricos
870 3323 983 3386 abusus
1019 3323 1152 3410 palliare
1179 3337 1212 3391 et

163 3434 300 3517 implam
331 3429 701 3515 doctrinam-defendere
731 3446 762 3496 et
788 3432 926 3496 stabilire
953 3437 1095 3518 conaris,
1123 3424 1231 3520 cujus

164 3538 333 3623 impietatis
353 3550 390 3600 ut
408 3560 462 3601 me
483 3541 671 3624 participem
690 3538 818 3625 faciam,
837 3541 926 3604 Deus
946 3537 1103 3607 avertat“l
1123 3578 1167 3594 -

246 3648 397 3715 Tandem
416 3671 491 3713 cum
512 3650 551 3714 de
572 3646 768 3714 conficiendo
789 3653 991 3712 comitiorum
1009 3647 1136 3714 decreto
1154 3649 1215 3714 de-

163 3754 305 3820 liberatio
328 3762 559 3845 institueretur,
580 3758 621 3822 ad
641 3758 723 3820 hanc
744 3778 870 3842 quoque
891 3756 1046 3820 adhibitus
1064 3770 1110 3822 est
1121 3756 1215 3823 Lan-

163 3866 243 3951 gius.
284 3865 397 3953 Itaque
423 3867 602 3952 decretum,
622 3871 656 3930 in
677 3867 806 3950 antiqua
827 3864 980 3950 religione
998 3886 1211 3951 perseveran-

165 3970 245 4036 dum
265 3995 350 4061 esse,
371 3997 430 4041 uec
451 3976 625 4062 quidquam
645 3971 834 4038 novandum
854 3984 928 4038 ante
946 3973 1074 4040 concilii
1095 3973 1212 4040 defini·

1107 4087 1172 4148 tio-
