2776 5124
159 443 199 502 88
321 468 324 473 ·
407 521 409 525 Α
474 433 904 527 11110111111111Β111111Ἡο,Ι

244 600 410 665 Elementa
437 603 644 685 grammatica
670 604 705 663 in
726 605 828 686 patria
849 599 957 664 schola
978 616 1140 690 utcunque
1161 607 1212 670 di-

163 707 238 772 dicit
257 709 416 778 Brentius.
458 709 520 778 Sed
540 731 626 775 anno
648 715 756 774 aetatis
777 709 947 774 undecimo
968 715 1082 776 missus
1104 726 1151 778 est
1172 703 1216 779 ad

163 818 332 885 meliorem
353 823 473 906 ingenii
494 822 615 885 cultum
636 817 884 903 Heidelbergam
906 822 941 881 in
961 818 1075 884 ludum
1095 825 1215 888 trivia-

70 914 74 923 ’
161 924 237 988 lem.
277 928 358 991 Mox
378 928 453 992 inde
474 929 672 1018 Vathngam
693 931 863 1014 concessit,
887 927 1002 1016 quod,
1026 933 1081 1014 qui
1102 930 1215 1016 oppidi

162 1032 287 1098 scholae
309 1051 462 1122 praeerat,
483 1039 531 1103 Μ.
553 1037 610 1104 Jo.
631 1035 828 1119 Schmidlin‚
858 1035 969 1096 artifex
990 1037 1156 1122 singularis
1178 1044 1214 1103 in

164 1140 339 1228 formandis
359 1166 534 1231 puerorum
554 1150 687 1234 ingeniis
702 1143 880 1208 haberetur.
924 1142 1010 1206 Hinc
1024 1144 1216 1210 Heidelber-

166 1270 241 1334 gam
267 1251 360 1316 rediit
388 1240 512 1318 decimo
537 1259 629 1319 tertio
652 1257 761 1318 aetatis
782 1271 886 1332 anno,
919 1271 997 1312 mox
1016 1267 1158 1339 receptus
1179 1260 1215 1320 in

166 1377 341 1422 numerum
368 1364 488 1428 civium
512 1361 777 1427 academicorum.
827 1359 1052 1444 Praeceptores
1079 1364 1218 1426 inarti-

165 1461 226 1530 bus
246 1465 356 1531 habuit
374 1467 552 1536 Theobald.
595 1470 786 1534 Billicanum
807 1479 838 1532 et
856 1465 882 1530 J
884 1465 913 1530 ό.
928 1465 1062 1532 Kneller
1083 1473 1140 1556 ²),
1160 1474 1216 1539 vi-

167 1594 222 1638 ros
241 1577 393 1663 singulari
413 1590 513 1665 sorte,
534 1592 565 1642 at
585 1581 718 1665 impari,
738 1598 823 1644 usos.
844 1612 848 1617 ·

251 1683 294 1748 Et
313 1684 499 1751 Billiconus
525 1685 673 1775 quidem,
704 1690 844 1772 primus,
873 1706 958 1750 anno
984 1690 1063 1750 1522
1083 1685 1217 1754 Lntheri

168 1789 317 1879 dogmata
342 1797 378 1857 in
398 1795 604 1860 concionibus
632 1800 730 1858 sacris
744 1793 1068 1880 proposuit'Wilae,
1106 1798 1217 1864 multis

91 1883 93 1889 ⁸
170 1920 207 1962 ca
235 1901 348 1986 cupide
375 1901 612 1988 excipientibus,
647 1915 679 1966 at
703 1922 780 1965 mox
808 1901 953 1965 dimissus
975 1924 1014 1964 ex
1034 1909 1219 1970 auctoritate

132 2086 136 2095 Ι
169 2005 365 2085 Fordinandi
389 2009 528 2092 Austrii,
560 2022 636 2074 tunc
662 2008 961 2095 wurtembergiae.
975 2011 1129 2098 Domini,
1161 2037 1219 2078 ex·

169 2130 279 2203 ceptus
307 2131 353 2183 est
380 2117 465 2181 illico
494 2116 729 2205 Noerdlingae,
763 2118 818 2181 ubi
847 2119 1054 2182 ecclesiastico
1081 2129 1230 2195 munera

168 2226 294 2305 fimctus
320 2227 431 2291 estad
458 2248 580 2290 annum
605 2250 704 2312 usqne
736 2233 841 2314 1535,
867 2213 949 2314 quo,
981 2241 1105 2301 mutato
1131 2236 1219 2298 vitae

170 2357 304 2422 genere,
337 2339 489 2420 migravit
518 2355 592 2397 cum
621 2338 755 2420 conjuge
783 2338 926 2421 natisque
952 2335 1217 2426 Heidelbergam,

171 2458 203 2507 et
228 2455 332 2506 totum
352 2444 439 2506 nube
458 2441 733 2528 Jurisprudentiae
754 2443 911 2509 studiose
932 2443 1033 2531 dedit,
1065 2445 1098 2507 id
1120 2467 1220 2533 agens

171 2555 279 2631 unice,
309 2563 345 2640 ut
364 2552 457 2615 Juris:
470 2551 662 2635 professoris
687 2548 805 2636 publici
825 2550 960 2636 gradum
981 2568 1217 2635 assequeretur3

169 2658 227 2722 sed
255 2659 393 2743 migrare
421 2655 522 2744 jussus
550 2657 589 2720 ab
616 2657 760 2720 Electorc
785 2648 952 2724 Lud'ovico
978 2665 1027 2726 16.
1039 2657 1108 2724 Jul.
1135 2664 1216 2744 1544

170 2789 208 2828 ex
228 2764 306 2831 urbe
326 2779 358 2830 et
377 2765 551 2829 Academia
575 2765 626 2852 ³),
646 2769 682 2828 in
695 2764 845 2828 Hassiarn
865 2787 899 2828 se
920 2770 1054 2852 recepit,
1076 2781 1107 2830 et
1121 2769 1217 2836 Mar-

168 2874 280 2960 bnrgi,
312 2874 367 2937 ubi
391 2896 478 2938 anno
509 2879 587 2952 1548
617 2873 766 2936 lectiones
794 2872 964 2938 rhetoricas
992 2872 1216 2967 historicasque

171 2980 288 3045 hahere
309 2986 427 3067 coepit,
454 2995 601 3045 mortuus.
617 2993 663 3045 est
681 2979 724 3044 A.
749 2982 827 3060 1554
852 2981 896 3065 4).

191 3142 194 3147 .
255 3088 300 3153 At
319 3090 375 3153 Jo.
392 3086 547 3168 Raetiae,
582 3092 705 3174 etipse
734 3081 822 3152 Wila
852 3089 1022 3178 oriundus,
1053 3097 1108 3180 qui
1134 3101 1218 3163 1512

128 3226 136 3239 ⁸
172 3196 421 3284 Heidelbergam
456 3197 532 3260 adiit
558 3204 709 3284 magister
743 3203 859 3261 artium
887 3213 918 3262 ct
946 3203 1023 3284 juris
1053 3207 1216 3292 utriusque

172 3305 399 3370 Baccalaureus
435 3318 465 3369 et
497 3311 576 3370 1518
607 3306 727 3370 ordinis
755 3305 964 3392 philosophici
993 3310 1149 3399 decanus,
1185 3329 1216 3378 et

171 3413 301 3478 biennio
327 3425 399 3498 post
417 3412 658 3477 Institutionum
683 3415 899 3500 imperialium
918 3419 1078 3505 professor
1098 3421 1215 3509 factus,

205 3668 233 3734 2)
253 3665 438 3720 Heerbrandt
456 3666 560 3721 Oratio
576 3695 610 3706 —
628 3684 694 3738 pag.
712 3670 740 3723 8.

180 3804 183 3809 ’
204 3786 234 3854 3)
258 3781 392 3850 (Wundt)
409 3785 593 3854 Programma
612 3782 648 3838 de
666 3784 774 3856 origine
793 3794 821 3836 ct
839 3750 993 3856 progressu
1012 3788 1156 3844 facultatis
1174 3791 1215 3858 ju-

238 3869 346 3931 ridicae
362 3877 390 3931 in
404 3875 493 3934 Acad.
508 3875 689 3949 Heidelberg.
720 3875 753 3931 L.
768 3876 820 3931 111.
835 3875 907 3934 dnn.
930 3883 1006 3946 1780.
1024 3898 1090 3953 pag.
1107 3898 1137 3954 13
1151 3901 1213 3957 sqq.

201 3997 231 4061 4)
251 3993 432 4058 Strieder‚
452 3993 664 4065 Grundlago
684 4003 736 4047 otc.
758 3995 936 4050 loterBand.
956 3997 986 4050 S·
1001 4002 1049 4058 383
1072 4015 1113 4069 tq.
