2776 5124
210 1096 327 1165 Omnis
353 1095 543 1183 scriptorum
570 1104 717 1163 veterum
743 1096 884 1161 tractatio
912 1099 992 1182 justa
1019 1110 1051 1162 et
1074 1098 1173 1164 solida

125 1203 245 1271 duabus
260 1209 461 1292 potIssimum
478 1201 618 1290 partibus
632 1202 825 1289 absolvitur,
844 1205 969 1291 primo,
991 1218 1026 1268 ut
1041 1205 1081 1270 de
1097 1231 1175 1274 ver·

125 1311 243 1379 borum
250 1360 261 1401 ,
290 1337 370 1402 quae
394 1310 576 1399 explicanda
601 1323 691 1397 sunt,
721 1332 800 1376 vera
825 1332 861 1372 ac
882 1318 1020 1397 genuina
1038 1303 1173 1380 lectione

125 1434 262 1503 constet3
292 1423 422 1505 deinde,
450 1433 486 1484 ut
511 1417 689 1483 eortmdem
713 1438 809 1485 verus
835 1415 879 1481 ac
891 1426 1046 1504 genuinus
1067 1445 1176 1488 sensus

123 1541 261 1598 eruatur.
312 1529 418 1615 Atque
449 1528 539 1593 idem
568 1529 709 1616 profecto
743 1528 782 1592 de
814 1532 1072 1615 interpretatione
1102 1543 1174 1594 tum

123 1641 294 1724 scripturae
322 1639 355 1701 S.
381 1637 565 1723 universae,
600 1650 671 1704 turn
695 1637 851 1702 librorum
871 1649 936 1705 vet.
956 1637 1044 1704 Test.
1066 1638 1174 1705 valere

123 1745 301 1833 putandum
322 1755 384 1831 est,
411 1745 568 1809 nimirum
589 1744 676 1832 quod
695 1747 802 1832 primo
823 1759 911 1809 caute
932 1746 1174 1835 dispiciendum,

123 1879 206 1922 num
231 1855 313 1920 forte
339 1851 439 1924 verba
464 1853 519 1921 vel
544 1850 584 1916 ab
608 1857 730 1918 incuria
755 1853 976 1939 librariorum,
1009 1854 1062 1921 vel
1087 1868 1175 1918 tem-

122 1986 242 2052 porrun
261 1965 394 2049 injuria,
415 1963 487 2028 vitii
507 1961 625 2048 aliquid
641 1967 869 2044 contraxerint3
891 1962 1021 2049 deinde,
1041 1975 1077 2025 ut
1094 1944 1197 2028 ver-⁸

123 2071 258 2159 borum,
279 2093 360 2157 quae
375 2073 513 2158 genuina
528 2092 594 2135 esse
610 2070 847 2159 intelliguntur,
868 2093 904 2134 ea
920 2075 1073 2134 sententia
1089 2088 1174 2155 pan-

123 2180 233 2268 datur,
265 2201 363 2267 quam
382 2201 456 2244 suae
477 2180 614 2244 orationi
631 2179 804 2267 subjectam
824 2201 890 2244 esse
909 2178 1012 2247 uoluit
1032 2178 1174 2265 Auctor,

49 2306 54 2318 ¹
123 2310 199 2352 cum
218 2288 379 2353 scriberet.
415 2265 574 2352 'Alterum
593 2310 712 2353 munus
734 2289 906 2373 Criticum,
935 2285 1069 2350 alterum
1086 2285 1175 2348 Exe-

48 2473 53 2481 ,
122 2398 263 2483 geticum
296 2397 484 2483 plerumque
518 2408 668 2463 vocatur:
704 2408 736 2460 et
755 2402 827 2482 ’quo
855 2400 967 2458 arctius
996 2407 1027 2458 et
1053 2392 1176 2460 felicius

124 2517 294 2590 utrumque
318 2507 354 2569 in
381 2525 447 2569 uno
472 2502 649 2590 eodemque
668 2503 799 2569 bomine
818 2509 1023 2590 coujuncnun
1043 2517 1105 2590 est,
1133 2524 1175 2568 eo

123 2612 272 2678 doctioris
305 2613 359 2676 ille
393 2611 574 2698 Scripturae
603 2612 635 2678 S.
656 2615 835 2701 interpretis
872 2614 993 2677 famam
1027 2610 1176 2676 tuebitur.

123 2723 233 2810 Atque
257 2727 341 2789 circa
367 2721 496 2788 hebraei
516 2723 647 2808 quidem
668 2722 784 2787 codicis
812 2721 905 2806 (nam
926 2719 965 2786 de
984 2721 1047 2784 hoc
1066 2734 1175 2786 semro

123 2830 218 2896 nobis
246 2832 307 2916 cst)
342 2836 633 2918 interpretationem
667 2851 725 2915 per
752 2843 923 2918 utrumque
950 2828 1031 2893 illud
1055 2849 1175 2921 munus

123 2940 194 3005 rim
219 2961 311 3003 suam
337 2941 437 3002 exerit
458 2951 553 3023 atque
573 2938 739 3001 utilitatem
760 2937 870 3026 lingua
889 2937 1046 3020 Arabica,
1072 2936 1175 3001 adeo-

124 3067 187 3132 que
214 3044 374 3133 duplicem
398 3044 514 3111 habere
539 3068 634 3112 usum
661 3045 723 3109 dici
748 3060 865 3132 potest3
895 3047 1047 3132 alterum,-
1075 3065 1173 3134 quem
1247 3117 1258 3131 „

123 3158 292 3220 nominare
312 3156 404 3220 liceat
427 3154 597 3240 criticam,
617 3153 752 3219 alterum
772 3153 996 3241 Exegeticum.

207 3305 249 3372 Et
271 3304 425 3371 Criticum
446 3305 575 3392 quidem
595 3328 691 3372 nsum
709 3307 851 3388 primum
868 3309 902 3372 in
917 3329 955 3373 eo
970 3311 1172 3396 potissimum

124 3420 293 3485 consistere
307 3396 531 3506 existimamus,
551 3417 639 3505 quod
650 3421 840 3502 primarium
851 3418 917 3481 fere
930 3418 1114 3509 subsidium,
1126 3423 1173 3488 »ad

123 3529 219 3592 crisin
244 3527 322 3592 Vet.
346 3527 434 3592 Test.
457 3531 634 3614 pertinens,
666 3540 790 3592 veteres
815 3530 969 3590 nimirum
993 3531 1173 3616 versiones,

123 3639 249 3723 penitus
277 3635 411 3723 intelligi
439 3649 470 3705 et
498 3649 583 3700 recte
614 3638 740 3699 tractari
767 3638 837 3698 sine
861 3635 987 3723 linguae
1015 3635 1172 3703 Arabicae

123 3745 235 3820 notitia
259 3743 353 3830 plane
375 3764 442 3807 non
461 3755 602 3828 possunt.
645 3743 792 3807 Mentem
812 3747 918 3830 primo
939 3765 1048 3808 meam
1068 3745 1172 3832 expli·

122 3849 202 3915 cabo
222 3849 364 3933 uberius3
393 3851 507 3915 deinde
527 3851 694 3938 exemplis,
716 3873 796 3937 quae
816 3866 1078 3939 argumentorum
1098 3858 1170 3924 vim

123 3957 184 4026 hac
203 3963 238 4024 in
259 3982 350 4027 causa
368 3944 538 4048 sustinent,
560 3982 631 4026 rem
652 3959 790 4026 stabilire
810 3959 1012 4030 contendam.
