2776 5124
420 411 721 479 Wtianmnenr
741 413 857 480 Ducit.
880 492 882 496 Α
1102 425 1184 508 241,

109 582 248 647 tationes·
274 578 511 662 deferbuisscnt,
547 591 649 644 aetate
673 581 776 667 magis
799 577 937 646 firmata.
993 578 1158 650 Novimus

109 693 269 775 optimum
294 693 489 776 principem,
525 709 601 752 cum
627 688 856 775 quinquaginta
882 709 984 753 annos
1011 689 1155 757 vivendo
1260 755 1264 762 .

108 799 309 885 explevisset,
359 797 589 885 professionem
621 795 755 862 edidisse
792 810 823 860 et
854 796 1088 885 voluntariam,
1122 811 1155 865 et

109 905 287 992 publicam,
316 918 348 971 et
367 909 507 975 maxime
526 905 705 971 solemnem
724 904 838 992 talem,
860 904 986 990 qualem
1004 907 1152 991 privato-

105 1035 180 1077 rum
206 1017 302 1078 etiam
326 1013 498 1080 hominum
522 1015 727 1102 paucissimos
752 1011 792 1078 ab
811 1033 846 1077 se
870 1014 1040 1098 impetrare
1059 1036 1154 1101 posse

102 1126 392 1207 pronuntiaverim.
432 1123 474 1190 Et
492 1126 640 1212 proximo
660 1124 757 1188 etiam
776 1141 861 1184 anno
875 1119 1070 1207 praeclaram
1088 1144 1154 1209 pu-

102 1225 186 1294 blice
205 1231 302 1296 edidit
321 1237 510 1298 sententiam
529 1232 630 1319 hanc,
651 1251 749 1318 quam
768 1250 836 1294 non
851 1249 983 1317 possum
999 1232 1076 1318 quin
1091 1228 1153 1320 Ip-

101 1341 167 1404 sius
188 1339 295 1408 verbis
314 1363 389 1407 usus
405 1347 554 1408 recitem:

229 1448 405 1516 Flirsten
436 1449 585 1531 fehlen‚
621 1442 756 1514 fehlen
787 1466 865 1515 nur
895 1462 965 1538 gar
997 1473 1043 1515 zu
1075 1447 1152 1538 oft,

186 1578 307 1623 wenn
334 1562 391 1623 sie
417 1542 513 1623 auch
538 1557 664 1624 Vaiter
685 1556 783 1626 siud.
824 1558 882 1625 Ist
901 1580 940 1625 es
960 1557 1055 1624 aber
1072 1557 1151 1624 bil-

187 1662 261 1752 ng,
288 1665 399 1752 dass,
418 1687 482 1730 um
507 1671 615 1732 eines
640 1665 851 1738 violarem
874 1646 1151 1732 mennatis-

187 1770 319 1837 lichen
347 1771 574 1840 Verseheus
602 1775 758 1862 willon,
798 1773 931 1861 gleich
960 1766 1027 1839 der
1055 1771 1150 1840 Saa-

60 1961 69 1970 .
185 1903 274 1945 men
295 1880 361 1947 des
380 1883 640 1949 Misstrauens
660 1894 927 1970 ausgestreu't,
957 1880 1041 1947 dass
1060 1878 1149 1950 das-

184 1990 336 2078 jenige,
377 2011 457 2057 was
494 2011 541 2057 an
580 1994 712 2058 einem
748 1988 901 2057 andern
933 1983 1152 2081 Menscheq

182 2099 296 2163 nicht
321 2100 465 2186 geriigt
483 2099 639 2186 wrirde,
660 2096 745 2186 bey
767 2097 887 2162 ibnen
909 2097 1041 2184 gleich
1062 2119 1150 2168 zum

183 2201 445 2272 Verbrcchen
463 2207 653 2296 gemacht,
672 2205 753 2272 und
771 2204 849 2268 alle
864 2201 966 2292 ihre,
987 2208 1149 2272 manch-

183 2312 261 2378 mal
280 2314 383 2380 noch
404 2337 446 2380 ao
465 2312 740 2401 unschuldige,
753 2309 1020 2398 Handlungen
1035 2315 1148 2381 miss-

181 2420 308 2487 kannt
344 2422 424 2488 und
461 2421 696 2508 verdichtig
735 2416 917 2508 gemacht
953 2422 1147 2488 werden?

181 2529 271 2595 Diss
303 2530 405 2595 st‘drt
438 2526 499 2596 die
528 2526 757 2616 Eintracht,
795 2516 873 2592 und
904 2525 1146 2616 untergr'aibl

183 2637 252 2704 das
272 2634 403 2703 Gltick
424 2636 492 2703 der
511 2630 791 2703 Gerellschafta

161 2744 292 2810 Caritas
319 2749 439 2833 patriae
465 2755 533 2812 erat
559 2750 595 2813 in
619 2743 737 2812 Carolo
768 2756 878 2810 nostro·
901 2738 1041 2808 maxime
1064 2758 1147 2812 con·-

93 2854 213 2940 spicua.
252 2853 413 2919 Videmus
432 2854 561 2940 quidem
580 2872 816 2941 nonnunquam
835 2848 976 2915 accidere
994 2854 1092 2916 etiam
1110 2855 1147 2919 in

94 2963 230 3025 summis
250 2972 282 3025 et
304 2961 525 3026 laudatIssimis
544 2959 758 3049 principibus,
784 2965 822 3023 ui
839 2960 970 3024 nonnisi
989 2971 1095 3025 extera
1114 2975 1147 3027 et

30 3051 33 3057 ¹
92 3072 261 3156 peregrina
288 3079 437 3154 appetant
463 3073 708 3156 aestimentque,
745 3061 917 3133 domestica
944 3085 1023 3136 vcro
1052 3073 1147 3156 parvi

94 3176 231 3242 habeant
259 3189 292 3242 et
316 3178 383 3242 fere
412 3175 593 3266 despicIant.
638 3179 687 3244 At
710 3180 747 3244 in
771 3189 881 3244 nostro
907 3181 1051 3266 principe
1078 3192 1146 3257 erat

92 3285 189 3373 plane
217 3284 344 3354 diversa
368 3289 461 3353 ratio.
506 3288 653 3376 Etenim,-
686 3306 785 3374 quam
809 3287 877 3374 ipse
904 3285 1146 3376 gubernandam

94 3406 204 3458 nactus
232 3405 299 3459 erat
320 3397 540 3484 provinciam,
568 3417 636 3463 non
662 3395 763 3462 modo
783 3393 908 3464 salvam
934 3415 1002 3462 esse
1024 3394 1148 3483 voluit,

93 3513 256 3589 pacatam,
294 3504 514 3589 tranquillam,
544 3525 749 3598 prosperam,
779 3517 811 3570 et
839 3505 929 3571 nullo
954 3504 1016 3569 alio
1041 3508 1148 3594 magis

95 3630 195 3694 quam
215 3615 335 3697 patriae
354 3618 452 3699 patrIs
471 3617 605 3679 nomine
623 3623 656 3677 et
675 3612 844 3680 delectatus
863 3625 895 3679 et
913 3618 981 3702 ipse
996 3633 1070 3679 usus
1085 3626 1142 3679 ese
1222 3671 1224 3675 .

93 3718 150 3782 sed
176 3719 279 3784 multa
305 3724 403 3785 etiam
427 3735 522 3808 atque
545 3720 742 3810 excellentia,
772 3721 885 3810 quihus
904 3726 1007 3811 patria
1024 3721 1148 3787 nobili-

94 3836 196 3912 tatur,
218 3827 304 3893 hona
324 3813 486 3917 perspecta
506 3829 616 3896 habuit
635 3842 667 3897 et
681 3831 876 3919 praedicavit
890 3835 969 3920 ipse.
1009 3830 1144 3918 Indige-

93 3953 155 3998 nas
174 3937 322 4025 civesque
336 3943 522 4028 neutiquam
535 3937 715 4028 posthabuit
727 3945 839 4010 exteris
850 3940 1051 4028 homiuibus,
1069 3959 1142 4007 cer·

890 4062 928 4123 ts
