2776 5124
188 478 252 540 210
339 477 343 486 '
420 544 423 549 ,
557 466 868 561 DaHrroatnuaa,

187 659 286 725 uum,
309 636 461 702 continuo
478 631 591 702 oudino
608 636 824 723 sequendum,
845 635 961 721 primic
975 633 1086 705 litteris
1107 659 1229 711 nomen

186 744 376 814 Eberhardiz
406 743 589 832 exemplum
606 746 697 809 enim
711 742 840 831 hujusce
853 742 1001 817 ausonia
1016 745 1114 837 illud,
1141 753 1230 839 quod

183 875 271 921 nunc
289 866 336 919 est
353 850 559 918 bibliothecae
577 849 698 939 Regiae
715 851 877 941 publicae,
897 852 979 920 olim
996 868 1078 946 erat,
1104 866 1144 926 ut
1159 863 1229 949 ipse

183 964 264 1028 meis
284 962 382 1027 oculis
400 961 554 1049 cognovi,
571 958 752 1029 Wilhelmi
770 959 965 1031 Schickardi.

264 1093 327 1161 Sed
346 1092 454 1157 Italici
472 1079 631 1160 sermonis
648 1115 743 1162 usum
760 1093 906 1162 habuisse
923 1094 1163 1189 Eberhardum,
1195 1113 1227 1168 et

182 1204 311 1294 quidem
329 1201 443 1290 talem,
467 1205 524 1288 qui
548 1205 689 1270 versioni
707 1199 921 1270 conficiendae
938 1204 1114 1298 sufficeret,
1137 1209 1227 1276 nulla

142 1327 145 1333 ’
179 1319 302 1380 ratione
326 1322 461 1378 constat:
487 1331 592 1397 neque
610 1311 699 1374 enim
717 1310 779 1376 hoc
797 1310 871 1377 inde
890 1318 1110 1405 consequitur,
1138 1320 1225 1406 quod

179 1426 347 1511 conjugem
370 1417 506 1484 habebat
525 1416 711 1483 Mantuani
730 1422 880 1508 principis
897 1419 1013 1506 filiam,
1042 1437 1153 1491 natam
1175 1440 1225 1492 ta-

177 1556 255 1598 men
275 1543 375 1596 matre
396 1527 605 1613 Germanica,
628 1522 696 1590 filit
715 1527 906 1625 marchionis
918 1530 1225 1625 Brandebur'geusis,

178 1657 209 1708 et
233 1639 319 1728 quod
345 1642 412 1726 ipse
437 1636 565 1701 Italiam
584 1635 677 1704 brevi
700 1639 812 1702 itinere
833 1637 920 1704 obiit.
964 1639 1096 1709 Constat
1117 1656 1224 1709 autem

174 1752 253 1838 hoc,
279 1746 455 1814 Eberhardi
474 1767 555 1814 aevo
575 1744 698 1819 nullam
717 1759 842 1830 praesto
860 1745 955 1814 luisse
973 1749 1125 1816 Italicam
1145 1776 1225 1821 ver-

174 1865 298 1926 sionem
317 1861 402 1945 typis
421 1853 549 1919 editam.
589 1851 624 1919 Si
642 1851 767 1938 privati
786 1853 891 1940 aliqua
897 1900 909 1942 ,
934 1855 1058 1922 calamo
1076 1881 1147 1925 non
1160 1862 1224 1950 'ty-

173 1971 224 2056 pis
245 1966 414 2052 descripta,
440 1952 535 2028 usum
552 1961 644 2026 illum
664 1982 731 2027 esse
750 1960 881 2052 dixeris,
907 1965 989 2030 mire
1008 1962 1071 2031 hoc
1090 1968 1222 2058 accidit,

174 2074 261 2162 quod
279 2096 345 2139 non
364 2074 463 2160 possit
479 2091 548 2140 non
565 2089 634 2135 esse
649 2068 741 2134 ducta
755 2091 794 2136 ex
810 2071 915 2136 latino
928 2071 1080 2158 editione3
1102 2075 1223 2145 hancce

170 2187 259 2248 enim
277 2203 376 2246 unam
396 2185 431 2246 in
451 2175 599 2245 omnibus
617 2174 735 2244 referre
753 2174 981 2270 Teutonicam,
1005 2186 1150 2273 positum
1175 2200 1222 2254 est

170 2302 258 2356 extra
276 2289 515 2355 dubitationem.

252 2421 429 2516 Enimvero
449 2419 526 2509 quid
545 2416 665 2486 multa?
691 2415 822 2486 Testem
834 2419 990 2492 habemus
1000 2463 1044 2524 -5
1060 2427 1151 2518 quod
1168 2430 1219 2497 al-

167 2541 274 2595 terum
290 2540 514 2617 argumentum
526 2539 572 2593 est
584 2561 628 2581 ··-
649 2529 705 2613 qui
716 2548 800 2596 unus
814 2527 1010 2600 dirimendae
1026 2540 1074 2602 rei
1090 2538 1219 2607 sufficit.
1256 2554 1259 2560 “

252 2658 348 2724 Coar.
371 2657 617 2746 Sammenltort,
628 2655 814 2748 theologiae
829 2660 988 2750 professor
1001 2664 1219 2758 Tubingcnsia

59 2810 64 2818 .
164 2770 315 2852 eximius,
346 2764 584 2854 Eberhardum,
610 2765 794 2833 defunctum
815 2790 901 2836 anno
920 2770 1038 2861 (1496)
1064 2799 1215 2870 nonage-

163 2883 245 2946 simo
273 2888 361 2942 sexto
386 2873 540 2939 Matthiae
559 2872 705 2961 Apostoli
731 2876 798 2965 die,
824 2901 903 2945 mox
921 2900 1010 2948 nona
1030 2883 1082 2952 die
1101 2889 1227 2958 Martii

162 2987 304 3052 laudavit
323 2985 465 3050 oratione
483 2981 611 3070 publica
628 2983 769 3072 limebri,
790 3006 871 3072 quae
888 2986 1018 3056 biennio
1037 3007 1112 3080 post
1125 3003 1213 3086 typis

162 3094 215 3160 hic
240 3093 323 3158 edita
350 3103 411 3180 est,
442 3103 535 3179 atque
554 3094 651 3156 etiam
670 3096 802 3179 repetita
824 3095 1048 3187 afctristopt.
1065 3099 1212 3181 Beseldo

161 3202 269 3267 locum
300 3199 394 3265 habet
423 3201 459 3265 in
492 3201 558 3287 ejus
589 3198 867 3268 Dissertationibus
899 3201 1212 3294 juridico-politicis.

161 3309 424 3374 Summenhartus
443 3308 553 3396 igitur,
583 3307 684 3371 multa
704 3307 870 3395 diligenter
889 3311 1011 3380 locutus
1030 3314 1071 3381 de
1091 3322 1210 3407 optimi

159 3420 310 3503 principis
328 3417 432 3482 studio
448 3420 484 3482 in
503 3416 726 3504 conquirendis
746 3417 948 3508 legendisque
962 3419 1098 3492 libriset
1110 3431 1209 3495 sacris

158 3536 191 3589 et
209 3524 296 3612 aliis,
312 3529 532 3611 pronuntiavit
550 3525 642 3592 haec:
745 3614 748 3621 Δ

280 3657 395 3746 „Opus
407 3671 570 3746 praeterea
583 3658 745 3744 quoddam
759 3659 937 3728 fabularum
950 3662 1095 3752 perutile,
1115 3668 1205 3753 quod

217 3769 325 3852 primo
344 3767 471 3853 Indice,
489 3781 561 3853 post
572 3766 715 3854 Persice,
741 3768 856 3836 dehinc
869 3771 1022 3860 Arabice,
1042 3771 1205 3840 Hebraico

217 3877 334 3958 pariter
354 3887 386 3938 et
397 3875 509 3939 Latine
526 3888 687 3938 exaratum
704 3875 819 3963 luerat,
845 3879 931 3963 ipso
946 3879 1115 3959 jubente
1130 3885 1205 3968 pri-

217 4003 274 4046 mo
296 3987 330 4046 in
355 3984 496 4072 linguam
515 3987 666 4064 transivit
683 3982 876 4050 Germaniae
907 3983 1008 4069 (Scite
1027 3986 1202 4076 Besoldus,
