2776 5124
239 454 282 528 44
520 441 725 513 Burronrs
760 437 1013 510 Pnnurnrto.
1055 419 1060 429 ⁵

239 627 360 679 creatos
379 609 473 676 fuisse
492 586 659 695 magistros
678 605 871 694 quindecim,
897 617 928 670 et
946 605 1144 690 superstitem
1163 626 1230 672 esse
1249 606 1294 672 de

238 723 300 788 illis
320 719 451 805 Unum,
478 719 566 802 cujus
586 714 737 781 celebrari
762 720 861 803 possit
878 711 1071 800 jubilaeum,
1098 713 1292 800 Magistrum

230 830 417 914 ‘Banasam
448 826 561 911 po'e'tae
584 822 634 888 sui
661 828 814 912 temporis
849 821 1101 904 celebratissimi,
1131 819 1295 911 German,

239 937 320 1000 olim
342 933 515 1013 famulum,
544 931 631 1018 quod
659 952 740 1003 vero
767 936 835 1018 ipse
859 952 937 996 mox
963 928 1091 1016 publice
1116 933 1152 994 in
1175 929 1292 996 iisdem

239 1044 477 1108 commentariis
497 1041 663 1124 recusavit,
689 1059 820 1126 negans,
854 1038 966 1104 famuli
982 1051 1096 1125 ‘partes
1123 1059 1158 1104 se
1182 1043 1293 1125 egisse,

239 1166 272 1215 et
295 1151 396 1214 alium
423 1147 585 1235 quendam
611 1149 805 1212 nominatim
836 1146 1034 1234 significans,
1067 1168 1165 1232 quem
1183 1150 1293 1210 'etiam

238 1259 320 1325 mihi
338 1278 436 1346 penes
456 1253 656 1325 Gnmunrou
684 1258 807 1340 saepius
828 1260 935 1324 visum
956 1278 1023 1322 esse
1042 1255 1124 1321 bene
1142 1262 1294 1325 memini.

239 1368 294 1434 Ad
312 1368 373 1432 boc
392 1376 612 1451 comparatum
632 1361 821 1431 Sodalitium
840 1377 986 1429 nostrum
1015 1387 1092 1431 sane
1109 1388 1177 1430 non
1196 1365 1294 1431 babet

240 1474 328 1564 quod
348 1496 456 1540 secum
474 1474 584 1556 inique
608 1481 715 1534 actum
740 1493 807 1537 esse
834 1486 1057 1557 conqueratur.
1103 1471 1294 1562 Superstites

239 1589 328 1650 enim
348 1594 421 1653 sunt
440 1601 515 1650 cum
533 1578 646 1645 illustri
664 1590 774 1648 nostro
793 1578 949 1667 Μιικιιο,
973 1593 1007 1647 et
1026 1603 1101 1650 cum
1120 1585 1293 1670 perillustri

239 1696 336 1762 etiam
356 1701 466 1761 nostro
489 1685 747 1776 Hocnsruunro,
766 1700 892 1774 praeter
911 1711 983 1776 me,
1011 1689 1065 1754 alii
1092 1696 1187 1756 etiam
1207 1716 1294 1779 qua-

240 1815 330 1888 tuor,
349 1798 506 1883 Hauon,
524 1794 677 1882 Harma,
697 1795 850 1884 Komba,
871 1796 1022 1885 Wom,
1043 1795 1194 1868 Pastores.
1207 1800 1293 1868 bene

240 1911 358 1995 meriti,
374 1904 514 1971 necdum
534 1905 678 1987 emeriti,
705 1901 813 1968 officio
834 1904 972 1975 necdum
992 1928 1121 1994 prorsus
1140 1913 1294 2001 impares,

240 2017 353 2107 quibus
372 2018 453 2080 meis
472 2009 630 2076 sodalibus
650 2008 731 2074 bene
751 2010 831 2080 velit
848 2012 953 2080 Deust

323 2121 489 2209 Singulare
505 2119 568 2184 hoc
587 2118 709 2206 accidit,
729 2118 817 2205 quod
834 2118 946 2185 deuna
958 2121 1134 2212 eademque
1145 2127 1292 2193 classe·-

242 2232 488 2300 Promotionem
507 2229 606 2315 vulgo
626 2227 760 2293 dicimus
779 2266 823 2279 -
841 2251 908 2294 uno
928 2232 1104 2320 eodemque
1122 2237 1195 2300 loco
1209 2259 1293 2303 con·

240 2348 382 2413 tinentur
417 2339 494 2420 duo,
525 2342 610 2424 iique
641 2335 737 2403 aurbu
765 2337 906 2422 ejusdem
932 2340 1058 2407 scholae
1086 2344 1293 2428 professores.

143 2468 144 2477 ¹
240 2452 287 2517 At
305 2471 375 2515 non
391 2467 481 2512 meuc
490 2444 524 2509 id
538 2449 716 2533 proprium,
732 2445 797 2525 sed,
812 2447 899 2532 quod
913 2469 988 2515 sane
1005 2453 1106 2535 majus
1122 2467 1178 2540 est,
1194 2477 1291 2518 com-

176 2576 177 2580 ’
241 2581 341 2625 mune
356 2562 395 2644 ei,
413 2576 497 2643 quae
509 2576 617 2618 meam
628 2554 909 2622 lustroanteoessit.
932 2556 1293 2652 Superstiteshabemus,

238 2666 304 2733 Dei
317 2670 431 2753 optimi
442 2664 608 2754 benefici0,
621 2666 812 2735 duumviros
823 2665 1072 2750 praeclarissime
1080 2671 1119 2734 de
1133 2695 1168 2734 re
1182 2687 1293 2738 nostra

240 2772 705 2861 promeritos,nobisomnibus
713 2773 1293 2860 venerabiles,RonsunauuetPrnnr-

240 2902 407 2969 omnum,
421 2894 593 2969 utrumque
604 2886 670 2967 jam
684 2885 901 2969 quinquennio
914 2881 1027 2948 abhinc
1039 2888 1293 2952 semisecularem

240 2992 450 3077 Magistrum,
471 3011 539 3054 non
559 2993 737 3075 superstites
754 2989 853 3053 modo
873 3004 964 3075 sunt,
983 2992 1038 3056 sed
1057 3000 1199 3079 corporis
1218 3002 1293 3060 ani-

240 3102 349 3184 mique
365 3097 487 3165 viribus
500 3100 625 3184 integri,
641 3119 814 3162 munerum
832 3097 945 3163 officiis
962 3101 1110 3167 omnibus
1121 3126 1222 3192 pares,
1236 3111 1293 3192 ju-

240 3227 339 3275 venes
354 3209 437 3270 inter
450 3226 550 3270 senes.
591 3204 751 3292 Equidem
767 3227 840 3270 cum
851 3210 932 3292 justo
946 3222 1091 3294 tempore
1101 3219 1293 3298 opportuni-

239 3324 337 3376 tatem
363 3312 445 3378 elabi
465 3313 546 3376 mihi
572 3334 680 3398 passus
703 3317 765 3378 sim
788 3317 870 3380 inter
892 3316 1079 3401 multiplices
1097 3319 1292 3389 turbationes

239 3417 438 3505 domesticas,
449 3418 555 3507 hodie,
563 3419 712 3506 Collegae
724 3412 837 3507 optimi
846 3427 1165 3517 conjunctissimique,
1177 3431 1289 3494 locum

241 3528 312 3592 date
336 3529 538 3616 gratulationi
556 3551 647 3598 meae
670 3529 823 3618 publicae,
843 3536 990 3618 votisque
1010 3539 1090 3601 meis
1116 3559 1154 3599 ex
1173 3540 1291 3602 intimo
1337 3526 1339 3533 ’

238 3640 348 3700 animo
361 3635 611 3709 redundantibus
631 3657 691 3723 pro
710 3651 817 3707 vestra
835 3638 932 3704 salute
951 3655 1044 3726 atque
1063 3644 1291 3733 incolumitate,

239 3743 320 3812 velit
332 3743 422 3813 Deus
434 3743 478 3813 Ο.
492 3745 544 3812 Μ.
563 3767 624 3813 vos
635 3745 750 3812 diutius
767 3749 945 3832 superstites
961 3771 1038 3835 esse,
1057 3764 1213 3816 senectute
1226 3753 1291 3816 frui

238 3849 371 3938 placida,
383 3851 460 3941 leni,
472 3853 655 3939 commoda,
671 3867 706 3920 ut
717 3873 788 3921 sero
802 3851 935 3921 demum
949 3855 1122 3946 discedau‘s,
1139 3859 1291 3925 omnbus

238 3962 295 4045 qui
309 3965 476 4050 supersint,
495 3961 758 4037 desideratissimi.

634 4073 888 4100 -n--u—
