<?xml version="1.0" encoding="UTF-8"?>
<!DOCTYPE html PUBLIC "-//W3C//DTD XHTML 1.0 Transitional//EN"
    "http://www.w3.org/TR/xhtml1/DTD/xhtml1-transitional.dtd">
<html xmlns="http://www.w3.org/1999/xhtml" xml:lang="en" lang="en">
 <head>
  <title>
</title>
<meta http-equiv="Content-Type" content="text/html;charset=utf-8" />
  <meta name='ocr-system' content='tesseract 3.04.00' />
  <meta name='ocr-capabilities' content='ocr_page ocr_carea ocr_par ocr_line ocrx_word'/>
</head>
<body>
  <div class='ocr_page' id='page_1' title='image "./dchristianifrid00schngoog_0098.png"; bbox 0 0 2776 5124; ppageno 0'>
   <div class='ocr_carea' id='block_1_1' title="bbox 603 404 1213 472">
    <p class='ocr_par' dir='ltr' id='par_1_1' title="bbox 603 404 1213 472">
     <span class='ocr_line' id='line_1_1' title="bbox 603 404 1213 472; baseline 0.002 -1"><span class='ocrx_word' id='word_1_1' title='bbox 603 404 786 472; x_wconf 78' lang='lat' dir='ltr'>Turonoso.</span> <span class='ocrx_word' id='word_1_2' title='bbox 1176 416 1213 472; x_wconf 86' lang='lat'>91</span> 
     </span>
    </p>
   </div>
   <div class='ocr_carea' id='block_1_2' title="bbox 165 564 1220 1203">
    <p class='ocr_par' dir='ltr' id='par_1_2' title="bbox 167 564 1218 875">
     <span class='ocr_line' id='line_1_2' title="bbox 173 564 1218 661; baseline -0.007 -19"><span class='ocrx_word' id='word_1_3' title='bbox 173 580 371 642; x_wconf 70' lang='lat' dir='ltr'>constitueret</span> <span class='ocrx_word' id='word_1_4' title='bbox 397 570 668 658; x_wconf 83' lang='lat' dir='ltr'><strong>recognoscendae</strong></span> <span class='ocrx_word' id='word_1_5' title='bbox 695 571 836 636; x_wconf 89' lang='lat' dir='ltr'>versioni</span> <span class='ocrx_word' id='word_1_6' title='bbox 858 567 974 661; x_wconf 79' lang='lat' dir='ltr'>latinae</span> <span class='ocrx_word' id='word_1_7' title='bbox 997 564 1070 633; x_wconf 84' lang='lat' dir='ltr'>libri</span> <span class='ocrx_word' id='word_1_8' title='bbox 1090 570 1218 635; x_wconf 89' lang='lat' dir='ltr'>Aristo--</span> 
     </span>
     <span class='ocr_line' id='line_1_3' title="bbox 170 675 1217 771; baseline -0.007 -25"><span class='ocrx_word' id='word_1_9' title='bbox 170 685 267 771; x_wconf 68' lang='lat' dir='ltr'>teliz-i,</span> <span class='ocrx_word' id='word_1_10' title='bbox 289 688 322 748; x_wconf 89' lang='lat' dir='ltr'>in</span> <span class='ocrx_word' id='word_1_11' title='bbox 344 704 457 746; x_wconf 89' lang='lat' dir='ltr'>eorum</span> <span class='ocrx_word' id='word_1_12' title='bbox 477 701 613 744; x_wconf 88' lang='lat' dir='ltr'>numero</span> <span class='ocrx_word' id='word_1_13' title='bbox 632 688 699 742; x_wconf 87' lang='lat' dir='ltr'>erat</span> <span class='ocrx_word' id='word_1_14' title='bbox 714 680 839 759; x_wconf 85' lang='lat' dir='ltr'>tertius,</span> <span class='ocrx_word' id='word_1_15' title='bbox 860 675 884 738; x_wconf 89' lang='lat' dir='ltr'>J</span> <span class='ocrx_word' id='word_1_16' title='bbox 887 696 917 738; x_wconf 91' lang='lat' dir='ltr'>o.</span> <span class='ocrx_word' id='word_1_17' title='bbox 931 675 1098 763; x_wconf 78' lang='lat' dir='ltr'>Breutius,</span> <span class='ocrx_word' id='word_1_18' title='bbox 1119 679 1217 747; x_wconf 89' lang='lat' dir='ltr'>Wil-</span> 
     </span>
     <span class='ocr_line' id='line_1_4' title="bbox 167 791 582 875; baseline 0 -19"><span class='ocrx_word' id='word_1_19' title='bbox 167 793 259 857; x_wconf 76' lang='lat' dir='ltr'>leu&#39;sis</span> <span class='ocrx_word' id='word_1_20' title='bbox 283 791 346 875; x_wconf 75' lang='lat'>1²).</span> <span class='ocrx_word' id='word_1_21' title='bbox 578 859 582 865; x_wconf 76' lang='grc'>,</span> 
     </span>
    </p>

    <p class='ocr_par' dir='ltr' id='par_1_3' title="bbox 165 897 1220 1203">
     <span class='ocr_line' id='line_1_5' title="bbox 251 897 1218 983; baseline 0.005 -21"><span class='ocrx_word' id='word_1_22' title='bbox 251 898 377 964; x_wconf 87' lang='lat' dir='ltr'>Accidit</span> <span class='ocrx_word' id='word_1_23' title='bbox 401 900 479 962; x_wconf 86' lang='lat' dir='ltr'>anni</span> <span class='ocrx_word' id='word_1_24' title='bbox 507 901 586 962; x_wconf 76' lang='lat'>1518</span> <span class='ocrx_word' id='word_1_25' title='bbox 608 917 711 963; x_wconf 89' lang='lat' dir='ltr'>verno</span> <span class='ocrx_word' id='word_1_26' title='bbox 731 910 895 983; x_wconf 83' lang='lat' dir='ltr'>tempore,</span> <span class='ocrx_word' id='word_1_27' title='bbox 925 910 959 959; x_wconf 92' lang='lat' dir='ltr'>ut</span> <span class='ocrx_word' id='word_1_28' title='bbox 979 897 1135 964; x_wconf 89' lang='lat' dir='ltr'>Lutherus</span> <span class='ocrx_word' id='word_1_29' title='bbox 1157 924 1218 967; x_wconf 83' lang='lat' dir='ltr'>ve-</span> 
     </span>
     <span class='ocr_line' id='line_1_6' title="bbox 166 1004 1219 1092; baseline -0.002 -19"><span class='ocrx_word' id='word_1_30' title='bbox 166 1013 251 1074; x_wconf 85' lang='lat' dir='ltr'>niret</span> <span class='ocrx_word' id='word_1_31' title='bbox 272 1004 521 1092; x_wconf 80' lang='lat' dir='ltr'>Heidelbergam</span> <span class='ocrx_word' id='word_1_32' title='bbox 547 1004 588 1068; x_wconf 93' lang='lat' dir='ltr'>ad</span> <span class='ocrx_word' id='word_1_33' title='bbox 613 1019 809 1070; x_wconf 88' lang='lat' dir='ltr'>conventum</span> <span class='ocrx_word' id='word_1_34' title='bbox 829 1010 879 1070; x_wconf 90' lang='lat' dir='ltr'>sui</span> <span class='ocrx_word' id='word_1_35' title='bbox 898 1004 1020 1070; x_wconf 84' lang='lat' dir='ltr'>ordinis</span> <span class='ocrx_word' id='word_1_36' title='bbox 1039 1008 1219 1072; x_wconf 87' lang='lat' dir='ltr'>monacho-</span> 
     </span>
     <span class='ocr_line' id='line_1_7' title="bbox 165 1112 1220 1203; baseline 0 -21"><span class='ocrx_word' id='word_1_37' title='bbox 165 1140 238 1182; x_wconf 88' lang='lat' dir='ltr'>rum</span> <span class='ocrx_word' id='word_1_38' title='bbox 250 1167 259 1197; x_wconf 90' lang='lat'>‚</span> <span class='ocrx_word' id='word_1_39' title='bbox 290 1137 325 1178; x_wconf 90' lang='lat' dir='ltr'>ac</span> <span class='ocrx_word' id='word_1_40' title='bbox 352 1120 386 1179; x_wconf 89' lang='lat' dir='ltr'>in</span> <span class='ocrx_word' id='word_1_41' title='bbox 413 1112 567 1179; x_wconf 91' lang='lat' dir='ltr'>coenobio</span> <span class='ocrx_word' id='word_1_42' title='bbox 592 1114 826 1203; x_wconf 86' lang='lat' dir='ltr'>Augustiniano</span> <span class='ocrx_word' id='word_1_43' title='bbox 853 1127 1047 1200; x_wconf 88' lang='lat' dir='ltr'>proponeret</span> <span class='ocrx_word' id='word_1_44' title='bbox 1071 1115 1220 1203; x_wconf 78' lang='lat' dir='ltr'>dogmata</span> 
     </span>
    </p>
   </div>
   <div class='ocr_carea' id='block_1_3' title="bbox 167 1214 1324 1315">
    <p class='ocr_par' dir='ltr' id='par_1_4' title="bbox 167 1214 1324 1315">
     <span class='ocr_line' id='line_1_8' title="bbox 167 1214 1324 1315; baseline -0.005 -24"><span class='ocrx_word' id='word_1_45' title='bbox 167 1214 378 1315; x_wconf 76' lang='lat' dir='ltr'>quadraginta</span> <span class='ocrx_word' id='word_1_46' title='bbox 406 1261 449 1277; x_wconf 90' lang='lat'>-</span> <span class='ocrx_word' id='word_1_47' title='bbox 477 1222 643 1287; x_wconf 86' lang='lat' dir='ltr'>Paradoxa</span> <span class='ocrx_word' id='word_1_48' title='bbox 668 1227 736 1309; x_wconf 89' lang='lat' dir='ltr'>ipse</span> <span class='ocrx_word' id='word_1_49' title='bbox 763 1228 893 1290; x_wconf 85' lang='lat' dir='ltr'>vocavit</span> <span class='ocrx_word' id='word_1_50' title='bbox 917 1260 960 1276; x_wconf 90' lang='lat'>-</span> <span class='ocrx_word' id='word_1_51' title='bbox 986 1222 1110 1310; x_wconf 90' lang='lat' dir='ltr'>publice</span> <span class='ocrx_word' id='word_1_52' title='bbox 1139 1246 1158 1287; x_wconf 91' lang='lat' dir='ltr'>a</span> <span class='ocrx_word' id='word_1_53' title='bbox 1185 1249 1219 1292; x_wconf 84' lang='lat' dir='ltr'>se</span> <span class='ocrx_word' id='word_1_54' title='bbox 1322 1268 1324 1272; x_wconf 88' lang='lat'>-</span> 
     </span>
    </p>
   </div>
   <div class='ocr_carea' id='block_1_4' title="bbox 165 1329 1221 3477">
    <p class='ocr_par' dir='ltr' id='par_1_5' title="bbox 165 1329 1221 3477">
     <span class='ocr_line' id='line_1_9' title="bbox 165 1329 1220 1425; baseline -0.005 -23"><span class='ocrx_word' id='word_1_55' title='bbox 165 1333 409 1425; x_wconf 85' lang='lat' dir='ltr'>propugnanda.</span> <span class='ocrx_word' id='word_1_56' title='bbox 458 1330 608 1396; x_wconf 90' lang='lat' dir='ltr'>Brentius</span> <span class='ocrx_word' id='word_1_57' title='bbox 628 1352 699 1396; x_wconf 90' lang='lat' dir='ltr'>non</span> <span class='ocrx_word' id='word_1_58' title='bbox 723 1330 823 1394; x_wconf 89' lang='lat' dir='ltr'>modo</span> <span class='ocrx_word' id='word_1_59' title='bbox 846 1329 1049 1416; x_wconf 84' lang='lat' dir='ltr'>disputationi</span> <span class='ocrx_word' id='word_1_60' title='bbox 1068 1331 1220 1420; x_wconf 83' lang='lat' dir='ltr'>interfuit,</span> 
     </span>
     <span class='ocr_line' id='line_1_10' title="bbox 166 1438 1220 1527; baseline -0.002 -19"><span class='ocrx_word' id='word_1_61' title='bbox 166 1467 243 1508; x_wconf 90' lang='lat' dir='ltr'>cum</span> <span class='ocrx_word' id='word_1_62' title='bbox 264 1445 416 1507; x_wconf 84' lang='lat' dir='ltr'>sexcentis</span> <span class='ocrx_word' id='word_1_63' title='bbox 437 1440 523 1526; x_wconf 78' lang='lat' dir='ltr'>aliis,</span> <span class='ocrx_word' id='word_1_64' title='bbox 546 1438 601 1504; x_wconf 89' lang='lat' dir='ltr'>sed</span> <span class='ocrx_word' id='word_1_65' title='bbox 621 1444 689 1525; x_wconf 89' lang='lat' dir='ltr'>ipse</span> <span class='ocrx_word' id='word_1_66' title='bbox 709 1446 862 1527; x_wconf 90' lang='lat' dir='ltr'>privatim</span> <span class='ocrx_word' id='word_1_67' title='bbox 882 1444 978 1504; x_wconf 89' lang='lat' dir='ltr'>etiam</span> <span class='ocrx_word' id='word_1_68' title='bbox 1000 1439 1076 1503; x_wconf 88' lang='lat' dir='ltr'>adiit</span> <span class='ocrx_word' id='word_1_69' title='bbox 1096 1440 1220 1506; x_wconf 91' lang='lat' dir='ltr'>Luthe-</span> 
     </span>
     <span class='ocr_line' id='line_1_11' title="bbox 166 1547 1220 1647; baseline -0.006 -29"><span class='ocrx_word' id='word_1_70' title='bbox 166 1575 261 1638; x_wconf 85' lang='lat' dir='ltr'>rum,</span> <span class='ocrx_word' id='word_1_71' title='bbox 292 1563 325 1613; x_wconf 86' lang='lat' dir='ltr'>ut</span> <span class='ocrx_word' id='word_1_72' title='bbox 354 1548 392 1612; x_wconf 92' lang='lat' dir='ltr'>ab</span> <span class='ocrx_word' id='word_1_73' title='bbox 422 1570 461 1611; x_wconf 90' lang='lat' dir='ltr'>eo</span> <span class='ocrx_word' id='word_1_74' title='bbox 489 1547 674 1611; x_wconf 88' lang='lat' dir='ltr'>edoceretur</span> <span class='ocrx_word' id='word_1_75' title='bbox 698 1547 737 1612; x_wconf 89' lang='lat' dir='ltr'>de</span> <span class='ocrx_word' id='word_1_76' title='bbox 759 1547 947 1636; x_wconf 89' lang='lat' dir='ltr'>quibusdam</span> <span class='ocrx_word' id='word_1_77' title='bbox 968 1547 1106 1615; x_wconf 89' lang='lat' dir='ltr'>uberius.</span> <span class='ocrx_word' id='word_1_78' title='bbox 1145 1551 1220 1647; x_wconf 74' lang='lat' dir='ltr'>Ab·</span> 
     </span>
     <span class='ocr_line' id='line_1_12' title="bbox 167 1655 1220 1744; baseline 0.001 -19"><span class='ocrx_word' id='word_1_79' title='bbox 167 1661 244 1725; x_wconf 88' lang='lat' dir='ltr'>hinc</span> <span class='ocrx_word' id='word_1_80' title='bbox 274 1673 380 1744; x_wconf 88' lang='lat' dir='ltr'>captus</span> <span class='ocrx_word' id='word_1_81' title='bbox 409 1655 621 1720; x_wconf 85' lang='lat' dir='ltr'>admiratione</span> <span class='ocrx_word' id='word_1_82' title='bbox 653 1659 735 1742; x_wconf 78' lang='lat' dir='ltr'>viri,</span> <span class='ocrx_word' id='word_1_83' title='bbox 776 1656 937 1722; x_wconf 86' lang='lat' dir='ltr'>doctrinae</span> <span class='ocrx_word' id='word_1_84' title='bbox 965 1660 1031 1742; x_wconf 92' lang='lat' dir='ltr'>ejus</span> <span class='ocrx_word' id='word_1_85' title='bbox 1061 1663 1220 1726; x_wconf 88' lang='lat' dir='ltr'>rationem</span> 
     </span>
     <span class='ocr_line' id='line_1_13' title="bbox 169 1763 1220 1865; baseline 0.002 -33"><span class='ocrx_word' id='word_1_86' title='bbox 169 1773 237 1854; x_wconf 87' lang='lat' dir='ltr'>ipse</span> <span class='ocrx_word' id='word_1_87' title='bbox 269 1780 391 1832; x_wconf 80' lang='lat' dir='ltr'>secutus</span> <span class='ocrx_word' id='word_1_88' title='bbox 419 1779 481 1852; x_wconf 69' lang='lat' dir='ltr'>est,</span> <span class='ocrx_word' id='word_1_89' title='bbox 516 1763 577 1826; x_wconf 91' lang='lat' dir='ltr'>hoc</span> <span class='ocrx_word' id='word_1_90' title='bbox 607 1763 725 1852; x_wconf 81' lang='lat' dir='ltr'>modo,</span> <span class='ocrx_word' id='word_1_91' title='bbox 759 1778 795 1829; x_wconf 88' lang='lat' dir='ltr'>ut</span> <span class='ocrx_word' id='word_1_92' title='bbox 822 1787 891 1865; x_wconf 82' lang='lat' dir='ltr'>non¹</span> <span class='ocrx_word' id='word_1_93' title='bbox 918 1777 1043 1831; x_wconf 89' lang='lat' dir='ltr'>tautum</span> <span class='ocrx_word' id='word_1_94' title='bbox 1071 1789 1110 1830; x_wconf 93' lang='lat' dir='ltr'>ex</span> <span class='ocrx_word' id='word_1_95' title='bbox 1136 1769 1220 1834; x_wconf 89' lang='lat' dir='ltr'>illius</span> 
     </span>
     <span class='ocr_line' id='line_1_14' title="bbox 168 1871 1220 1964; baseline 0 -23"><span class='ocrx_word' id='word_1_96' title='bbox 168 1879 290 1962; x_wconf 87' lang='lat' dir='ltr'>scriptis</span> <span class='ocrx_word' id='word_1_97' title='bbox 314 1895 423 1960; x_wconf 87' lang='lat' dir='ltr'>sapere</span> <span class='ocrx_word' id='word_1_98' title='bbox 446 1871 560 1958; x_wconf 83' lang='lat' dir='ltr'>vellet,</span> <span class='ocrx_word' id='word_1_99' title='bbox 590 1871 646 1936; x_wconf 86' lang='lat' dir='ltr'>sed</span> <span class='ocrx_word' id='word_1_100' title='bbox 666 1871 707 1936; x_wconf 88' lang='lat' dir='ltr'>ad</span> <span class='ocrx_word' id='word_1_101' title='bbox 727 1892 832 1939; x_wconf 91' lang='lat' dir='ltr'>sacros</span> <span class='ocrx_word' id='word_1_102' title='bbox 853 1894 929 1938; x_wconf 89' lang='lat' dir='ltr'>cum</span> <span class='ocrx_word' id='word_1_103' title='bbox 948 1879 1088 1938; x_wconf 84' lang='lat' dir='ltr'>maxime</span> <span class='ocrx_word' id='word_1_104' title='bbox 1107 1876 1220 1964; x_wconf 76' lang='lat' dir='ltr'>libros,</span> 
     </span>
     <span class='ocr_line' id='line_1_15' title="bbox 171 1977 1220 2069; baseline 0.002 -21"><span class='ocrx_word' id='word_1_105' title='bbox 171 1983 317 2049; x_wconf 87' lang='lat' dir='ltr'>hebraice</span> <span class='ocrx_word' id='word_1_106' title='bbox 333 1995 364 2046; x_wconf 93' lang='lat' dir='ltr'>et</span> <span class='ocrx_word' id='word_1_107' title='bbox 381 2002 493 2068; x_wconf 84' lang='lat' dir='ltr'>graece</span> <span class='ocrx_word' id='word_1_108' title='bbox 512 1977 631 2067; x_wconf 81' lang='lat' dir='ltr'>doctus,</span> <span class='ocrx_word' id='word_1_109' title='bbox 651 1995 818 2048; x_wconf 87' lang='lat' dir='ltr'>revocaret</span> <span class='ocrx_word' id='word_1_110' title='bbox 833 1987 953 2050; x_wconf 87' lang='lat' dir='ltr'>omnia.</span> <span class='ocrx_word' id='word_1_111' title='bbox 992 1980 1107 2069; x_wconf 84' lang='lat' dir='ltr'>Coepit</span> <span class='ocrx_word' id='word_1_112' title='bbox 1118 2008 1220 2052; x_wconf 87' lang='lat' dir='ltr'>evan-</span> 
     </span>
     <span class='ocr_line' id='line_1_16' title="bbox 170 2088 1221 2181; baseline 0 -25"><span class='ocrx_word' id='word_1_113' title='bbox 170 2092 290 2181; x_wconf 80' lang='lat' dir='ltr'>gelium</span> <span class='ocrx_word' id='word_1_114' title='bbox 311 2089 467 2153; x_wconf 86' lang='lat' dir='ltr'>Matthaei</span> <span class='ocrx_word' id='word_1_115' title='bbox 496 2111 644 2154; x_wconf 88' lang='lat' dir='ltr'>enarrare</span> <span class='ocrx_word' id='word_1_116' title='bbox 664 2093 714 2153; x_wconf 90' lang='lat' dir='ltr'>sui</span> <span class='ocrx_word' id='word_1_117' title='bbox 734 2088 933 2154; x_wconf 89' lang='lat' dir='ltr'>contubernii</span> <span class='ocrx_word' id='word_1_118' title='bbox 953 2090 1127 2176; x_wconf 83' lang='lat' dir='ltr'>sodalibus,</span> <span class='ocrx_word' id='word_1_119' title='bbox 1159 2094 1221 2158; x_wconf 93' lang='lat' dir='ltr'>ha-</span> 
     </span>
     <span class='ocr_line' id='line_1_17' title="bbox 170 2197 1221 2285; baseline 0.004 -23"><span class='ocrx_word' id='word_1_120' title='bbox 170 2199 302 2285; x_wconf 88' lang='lat' dir='ltr'>buitque</span> <span class='ocrx_word' id='word_1_121' title='bbox 321 2197 383 2261; x_wconf 90' lang='lat' dir='ltr'>hoc</span> <span class='ocrx_word' id='word_1_122' title='bbox 405 2220 479 2262; x_wconf 90' lang='lat' dir='ltr'>eum</span> <span class='ocrx_word' id='word_1_123' title='bbox 496 2217 689 2280; x_wconf 82' lang='lat' dir='ltr'>successmn,</span> <span class='ocrx_word' id='word_1_124' title='bbox 708 2210 759 2279; x_wconf 87' lang='lat' dir='ltr'>ut,</span> <span class='ocrx_word' id='word_1_125' title='bbox 780 2218 858 2261; x_wconf 89' lang='lat' dir='ltr'>mox</span> <span class='ocrx_word' id='word_1_126' title='bbox 874 2197 1002 2265; x_wconf 87' lang='lat' dir='ltr'>aliunde</span> <span class='ocrx_word' id='word_1_127' title='bbox 1020 2206 1116 2266; x_wconf 88' lang='lat' dir='ltr'>etiam</span> <span class='ocrx_word' id='word_1_128' title='bbox 1132 2205 1221 2266; x_wconf 91' lang='lat' dir='ltr'>mul-</span> 
     </span>
     <span class='ocr_line' id='line_1_18' title="bbox 170 2302 1220 2391; baseline 0.007 -20"><span class='ocrx_word' id='word_1_129' title='bbox 170 2311 211 2373; x_wconf 92' lang='lat' dir='ltr'>tis</span> <span class='ocrx_word' id='word_1_130' title='bbox 247 2304 393 2370; x_wconf 88' lang='lat' dir='ltr'>studiosis</span> <span class='ocrx_word' id='word_1_131' title='bbox 431 2302 680 2391; x_wconf 83' lang='lat' dir='ltr'>confluentibus,</span> <span class='ocrx_word' id='word_1_132' title='bbox 722 2328 790 2372; x_wconf 91' lang='lat' dir='ltr'>non</span> <span class='ocrx_word' id='word_1_133' title='bbox 822 2310 981 2376; x_wconf 88' lang='lat' dir='ltr'>sufficeret</span> <span class='ocrx_word' id='word_1_134' title='bbox 1016 2309 1220 2378; x_wconf 83' lang='lat' dir='ltr'>auditorium.</span> 
     </span>
     <span class='ocr_line' id='line_1_19' title="bbox 170 2405 1220 2505; baseline 0.009 -26"><span class='ocrx_word' id='word_1_135' title='bbox 170 2412 281 2495; x_wconf 86' lang='lat' dir='ltr'>Aliud</span> <span class='ocrx_word' id='word_1_136' title='bbox 294 2416 406 2500; x_wconf 73' lang='lat' dir='ltr'>igitur,</span> <span class='ocrx_word' id='word_1_137' title='bbox 436 2412 572 2500; x_wconf 87' lang='lat' dir='ltr'>amplius</span> <span class='ocrx_word' id='word_1_138' title='bbox 578 2437 589 2501; x_wconf 69' lang='lat'>7·</span> <span class='ocrx_word' id='word_1_139' title='bbox 603 2405 606 2412; x_wconf 77' lang='grc'><strong>’</strong></span> <span class='ocrx_word' id='word_1_140' title='bbox 619 2427 806 2501; x_wconf 90' lang='lat' dir='ltr'>occupatum</span> <span class='ocrx_word' id='word_1_141' title='bbox 815 2467 826 2505; x_wconf 80' lang='lat'><strong><em>,</em></strong></span> <span class='ocrx_word' id='word_1_142' title='bbox 854 2419 1048 2483; x_wconf 89' lang='lat' dir='ltr'>auditorium</span> <span class='ocrx_word' id='word_1_143' title='bbox 1068 2419 1220 2488; x_wconf 88' lang='lat' dir='ltr'>facultatis</span> 
     </span>
     <span class='ocr_line' id='line_1_20' title="bbox 171 2521 1219 2612; baseline 0.002 -22"><span class='ocrx_word' id='word_1_144' title='bbox 171 2529 289 2590; x_wconf 85' lang='lat' dir='ltr'>artium</span> <span class='ocrx_word' id='word_1_145' title='bbox 313 2521 486 2608; x_wconf 89' lang='lat' dir='ltr'>publicum.</span> <span class='ocrx_word' id='word_1_146' title='bbox 534 2521 690 2589; x_wconf 88' lang='lat' dir='ltr'>Excitavit</span> <span class='ocrx_word' id='word_1_147' title='bbox 715 2525 897 2593; x_wconf 90' lang='lat' dir='ltr'>auditorum</span> <span class='ocrx_word' id='word_1_148' title='bbox 926 2526 1102 2612; x_wconf 84' lang='lat' dir='ltr'>frequentia</span> <span class='ocrx_word' id='word_1_149' title='bbox 1129 2533 1219 2598; x_wconf 86' lang='lat' dir='ltr'>invi-</span> 
     </span>
     <span class='ocr_line' id='line_1_21' title="bbox 172 2629 1220 2724; baseline 0.004 -25"><span class='ocrx_word' id='word_1_150' title='bbox 172 2635 260 2699; x_wconf 90' lang='lat' dir='ltr'>diam</span> <span class='ocrx_word' id='word_1_151' title='bbox 285 2632 459 2718; x_wconf 90' lang='lat' dir='ltr'>odiumque</span> <span class='ocrx_word' id='word_1_152' title='bbox 485 2629 744 2719; x_wconf 79' lang='lat' dir='ltr'>Theologorum,</span> <span class='ocrx_word' id='word_1_153' title='bbox 776 2655 844 2699; x_wconf 93' lang='lat' dir='ltr'>nou</span> <span class='ocrx_word' id='word_1_154' title='bbox 873 2638 941 2700; x_wconf 90' lang='lat' dir='ltr'>siue</span> <span class='ocrx_word' id='word_1_155' title='bbox 967 2632 1071 2721; x_wconf 80' lang='lat' dir='ltr'>specie</span> <span class='ocrx_word' id='word_1_156' title='bbox 1094 2659 1220 2724; x_wconf 87' lang='lat' dir='ltr'>negan-</span> 
     </span>
     <span class='ocr_line' id='line_1_22' title="bbox 171 2740 1219 2828; baseline 0.004 -21"><span class='ocrx_word' id='word_1_157' title='bbox 171 2746 271 2828; x_wconf 85' lang='lat' dir='ltr'>tium,</span> <span class='ocrx_word' id='word_1_158' title='bbox 308 2740 353 2805; x_wconf 83' lang='lat' dir='ltr'>fas</span> <span class='ocrx_word' id='word_1_159' title='bbox 383 2761 469 2826; x_wconf 78' lang='lat' dir='ltr'>esse,</span> <span class='ocrx_word' id='word_1_160' title='bbox 499 2740 673 2827; x_wconf 86' lang='lat' dir='ltr'>theologica</span> <span class='ocrx_word' id='word_1_161' title='bbox 692 2746 818 2804; x_wconf 85' lang='lat' dir='ltr'>tractari</span> <span class='ocrx_word' id='word_1_162' title='bbox 847 2756 878 2808; x_wconf 91' lang='lat' dir='ltr'>et</span> <span class='ocrx_word' id='word_1_163' title='bbox 904 2742 944 2806; x_wconf 90' lang='lat' dir='ltr'>ab</span> <span class='ocrx_word' id='word_1_164' title='bbox 967 2740 1100 2809; x_wconf 89' lang='lat' dir='ltr'>homine</span> <span class='ocrx_word' id='word_1_165' title='bbox 1123 2753 1219 2811; x_wconf 88' lang='lat' dir='ltr'>sacris</span> 
     </span>
     <span class='ocr_line' id='line_1_23' title="bbox 172 2849 1220 2936; baseline 0.006 -22"><span class='ocrx_word' id='word_1_166' title='bbox 172 2849 320 2915; x_wconf 90' lang='lat' dir='ltr'>nondum</span> <span class='ocrx_word' id='word_1_167' title='bbox 344 2851 488 2934; x_wconf 79' lang='lat' dir='ltr'>initiato,</span> <span class='ocrx_word' id='word_1_168' title='bbox 517 2863 548 2913; x_wconf 86' lang='lat' dir='ltr'>et</span> <span class='ocrx_word' id='word_1_169' title='bbox 571 2852 605 2913; x_wconf 91' lang='lat' dir='ltr'>in</span> <span class='ocrx_word' id='word_1_170' title='bbox 625 2849 697 2913; x_wconf 94' lang='lat' dir='ltr'>loco</span> <span class='ocrx_word' id='word_1_171' title='bbox 711 2872 912 2936; x_wconf 87' lang='lat' dir='ltr'>nequaquam</span> <span class='ocrx_word' id='word_1_172' title='bbox 931 2871 1030 2919; x_wconf 83' lang='lat' dir='ltr'>sacro,</span> <span class='ocrx_word' id='word_1_173' title='bbox 1071 2853 1220 2921; x_wconf 91' lang='lat' dir='ltr'>Breutius</span> 
     </span>
     <span class='ocr_line' id='line_1_24' title="bbox 173 2956 1220 3046; baseline 0.003 -23"><span class='ocrx_word' id='word_1_174' title='bbox 173 2974 281 3023; x_wconf 90' lang='lat' dir='ltr'>autem</span> <span class='ocrx_word' id='word_1_175' title='bbox 309 2962 390 3022; x_wconf 90' lang='lat' dir='ltr'>inter</span> <span class='ocrx_word' id='word_1_176' title='bbox 415 2957 593 3022; x_wconf 89' lang='lat' dir='ltr'>Canonicos</span> <span class='ocrx_word' id='word_1_177' title='bbox 620 2958 660 3022; x_wconf 89' lang='lat' dir='ltr'>ad</span> <span class='ocrx_word' id='word_1_178' title='bbox 689 2959 847 3046; x_wconf 87' lang='lat' dir='ltr'>templum</span> <span class='ocrx_word' id='word_1_179' title='bbox 872 2957 904 3022; x_wconf 85' lang='lat' dir='ltr'>S.</span> <span class='ocrx_word' id='word_1_180' title='bbox 927 2956 1061 3043; x_wconf 82' lang='lat' dir='ltr'>Spiritus</span> <span class='ocrx_word' id='word_1_181' title='bbox 1084 2961 1220 3026; x_wconf 91' lang='lat' dir='ltr'>Heidel-</span> 
     </span>
     <span class='ocr_line' id='line_1_25' title="bbox 173 3065 1220 3158; baseline 0.002 -26"><span class='ocrx_word' id='word_1_182' title='bbox 173 3067 292 3154; x_wconf 79' lang='lat' dir='ltr'>bergae</span> <span class='ocrx_word' id='word_1_183' title='bbox 311 3066 459 3153; x_wconf 83' lang='lat' dir='ltr'>adscitus,</span> <span class='ocrx_word' id='word_1_184' title='bbox 481 3065 590 3151; x_wconf 86' lang='lat' dir='ltr'>Spirae</span> <span class='ocrx_word' id='word_1_185' title='bbox 608 3066 771 3130; x_wconf 88' lang='lat' dir='ltr'>ordinibus</span> <span class='ocrx_word' id='word_1_186' title='bbox 788 3071 881 3128; x_wconf 84' lang='lat' dir='ltr'>sacris</span> <span class='ocrx_word' id='word_1_187' title='bbox 898 3069 1017 3130; x_wconf 90' lang='lat' dir='ltr'>initiari</span> <span class='ocrx_word' id='word_1_188' title='bbox 1037 3078 1220 3158; x_wconf 80' lang='lat' dir='ltr'>securavit,</span> 
     </span>
     <span class='ocr_line' id='line_1_26' title="bbox 175 3172 1220 3268; baseline 0.006 -30"><span class='ocrx_word' id='word_1_189' title='bbox 175 3197 238 3262; x_wconf 93' lang='lat' dir='ltr'>quo</span> <span class='ocrx_word' id='word_1_190' title='bbox 267 3176 348 3239; x_wconf 89' lang='lat' dir='ltr'>facto</span> <span class='ocrx_word' id='word_1_191' title='bbox 375 3178 410 3238; x_wconf 91' lang='lat' dir='ltr'>in</span> <span class='ocrx_word' id='word_1_192' title='bbox 435 3172 512 3236; x_wconf 90' lang='lat' dir='ltr'>urbe</span> <span class='ocrx_word' id='word_1_193' title='bbox 541 3178 640 3258; x_wconf 88' lang='lat' dir='ltr'>patria</span> <span class='ocrx_word' id='word_1_194' title='bbox 668 3177 839 3260; x_wconf 86' lang='lat' dir='ltr'>primitias,</span> <span class='ocrx_word' id='word_1_195' title='bbox 873 3187 909 3238; x_wconf 91' lang='lat' dir='ltr'>ut</span> <span class='ocrx_word' id='word_1_196' title='bbox 935 3177 1041 3263; x_wconf 77' lang='lat' dir='ltr'>ajunt,</span> <span class='ocrx_word' id='word_1_197' title='bbox 1070 3176 1132 3241; x_wconf 89' lang='lat' dir='ltr'>hoc</span> <span class='ocrx_word' id='word_1_198' title='bbox 1157 3196 1220 3268; x_wconf 84' lang='lat' dir='ltr'>cst,</span> 
     </span>
     <span class='ocr_line' id='line_1_27' title="bbox 173 3281 1221 3370; baseline 0.004 -21"><span class='ocrx_word' id='word_1_199' title='bbox 173 3289 312 3370; x_wconf 88' lang='lat' dir='ltr'>primam</span> <span class='ocrx_word' id='word_1_200' title='bbox 343 3282 472 3346; x_wconf 90' lang='lat' dir='ltr'>missam</span> <span class='ocrx_word' id='word_1_201' title='bbox 500 3281 680 3348; x_wconf 86' lang='lat' dir='ltr'>celebravit.</span> <span class='ocrx_word' id='word_1_202' title='bbox 729 3282 826 3348; x_wconf 63' lang='lat' dir='ltr'>What</span> <span class='ocrx_word' id='word_1_203' title='bbox 854 3304 1000 3348; x_wconf 91' lang='lat' dir='ltr'>reversus</span> <span class='ocrx_word' id='word_1_204' title='bbox 1027 3284 1221 3353; x_wconf 92' lang='lat' dir='ltr'>Heidelber-</span> 
     </span>
     <span class='ocr_line' id='line_1_28' title="bbox 175 3390 1221 3477; baseline 0.011 -24"><span class='ocrx_word' id='word_1_205' title='bbox 175 3413 267 3477; x_wconf 74' lang='lat' dir='ltr'>gem‚</span> <span class='ocrx_word' id='word_1_206' title='bbox 299 3390 500 3476; x_wconf 86' lang='lat' dir='ltr'>praelegendi</span> <span class='ocrx_word' id='word_1_207' title='bbox 525 3403 556 3453; x_wconf 88' lang='lat' dir='ltr'>et</span> <span class='ocrx_word' id='word_1_208' title='bbox 577 3390 755 3476; x_wconf 89' lang='lat' dir='ltr'>disputandi</span> <span class='ocrx_word' id='word_1_209' title='bbox 776 3412 908 3476; x_wconf 87' lang='lat' dir='ltr'>operam</span> <span class='ocrx_word' id='word_1_210' title='bbox 928 3413 996 3457; x_wconf 91' lang='lat' dir='ltr'>non</span> <span class='ocrx_word' id='word_1_211' title='bbox 1017 3393 1116 3458; x_wconf 90' lang='lat' dir='ltr'>modo</span> <span class='ocrx_word' id='word_1_212' title='bbox 1136 3396 1221 3465; x_wconf 91' lang='lat' dir='ltr'>haud</span> 
     </span>
    </p>
   </div>
   <div class='ocr_carea' id='block_1_5' title="bbox 213 3595 1221 4027">
    <p class='ocr_par' dir='ltr' id='par_1_6' title="bbox 213 3595 1221 4027">
     <span class='ocr_line' id='line_1_29' title="bbox 213 3595 1219 3670; baseline 0.002 -18"><span class='ocrx_word' id='word_1_213' title='bbox 213 3601 257 3662; x_wconf 65' lang='grc' dir='ltr'>ιι)</span> <span class='ocrx_word' id='word_1_214' title='bbox 279 3596 415 3661; x_wconf 78' lang='lat' dir='ltr'>(ll&#39;undt)</span> <span class='ocrx_word' id='word_1_215' title='bbox 436 3597 535 3666; x_wconf 78' lang='lat' dir='ltr'>Progr.</span> <span class='ocrx_word' id='word_1_216' title='bbox 553 3595 754 3652; x_wconf 83' lang='lat' dir='ltr'>Memorabilia</span> <span class='ocrx_word' id='word_1_217' title='bbox 773 3597 880 3652; x_wconf 85' lang='lat' dir='ltr'>ordinis</span> <span class='ocrx_word' id='word_1_218' title='bbox 898 3600 1061 3670; x_wconf 86' lang='lat' dir='ltr'>Philosoph.</span> <span class='ocrx_word' id='word_1_219' title='bbox 1085 3601 1219 3657; x_wconf 85' lang='lat' dir='ltr'>Heidelb.</span> 
     </span>
     <span class='ocr_line' id='line_1_30' title="bbox 246 3690 1221 3759; baseline 0.004 -16"><span class='ocrx_word' id='word_1_220' title='bbox 246 3690 379 3743; x_wconf 79' lang='lat' dir='ltr'>exhihere</span> <span class='ocrx_word' id='word_1_221' title='bbox 396 3697 466 3742; x_wconf 84' lang='lat' dir='ltr'>hun.</span> <span class='ocrx_word' id='word_1_222' title='bbox 488 3701 562 3754; x_wconf 69' lang='lat'>1779.</span> <span class='ocrx_word' id='word_1_223' title='bbox 582 3705 648 3759; x_wconf 77' lang='lat' dir='ltr'>pag·</span> <span class='ocrx_word' id='word_1_224' title='bbox 661 3705 703 3756; x_wconf 72' lang='lat'>24·</span> <span class='ocrx_word' id='word_1_225' title='bbox 736 3691 818 3744; x_wconf 80' lang='lat' dir='ltr'>Alter</span> <span class='ocrx_word' id='word_1_226' title='bbox 833 3691 922 3745; x_wconf 86' lang='lat' dir='ltr'>dictus</span> <span class='ocrx_word' id='word_1_227' title='bbox 936 3692 1118 3747; x_wconf 82' lang='lat' dir='ltr'>Theobaldus</span> <span class='ocrx_word' id='word_1_228' title='bbox 1134 3695 1221 3750; x_wconf 78' lang='lat' dir='ltr'>Adus-</span> 
     </span>
     <span class='ocr_line' id='line_1_31' title="bbox 246 3781 1221 3859; baseline 0.005 -23"><span class='ocrx_word' id='word_1_229' title='bbox 246 3781 358 3836; x_wconf 83' lang='lat' dir='ltr'>tantius</span> <span class='ocrx_word' id='word_1_230' title='bbox 375 3782 539 3837; x_wconf 84' lang='lat' dir='ltr'>Billicanus.</span> <span class='ocrx_word' id='word_1_231' title='bbox 560 3810 593 3820; x_wconf 91' lang='lat'>-·</span> <span class='ocrx_word' id='word_1_232' title='bbox 620 3781 748 3836; x_wconf 87' lang='lat' dir='ltr'>Stoelleri</span> <span class='ocrx_word' id='word_1_233' title='bbox 771 3782 970 3838; x_wconf 84' lang='lat' dir='ltr'>Calendariuru</span> <span class='ocrx_word' id='word_1_234' title='bbox 989 3787 1138 3859; x_wconf 80' lang='lat' dir='ltr'>Magnum,</span> <span class='ocrx_word' id='word_1_235' title='bbox 1162 3788 1221 3858; x_wconf 89' lang='lat' dir='ltr'>Op·</span> 
     </span>
     <span class='ocr_line' id='line_1_32' title="bbox 245 3873 1220 3949; baseline 0.007 -22"><span class='ocrx_word' id='word_1_236' title='bbox 245 3874 376 3945; x_wconf 87' lang='lat' dir='ltr'>penheim</span> <span class='ocrx_word' id='word_1_237' title='bbox 398 3880 472 3935; x_wconf 80' lang='lat'>1518·</span> <span class='ocrx_word' id='word_1_238' title='bbox 499 3874 610 3928; x_wconf 85' lang='lat' dir='ltr'>exhibet</span> <span class='ocrx_word' id='word_1_239' title='bbox 627 3873 752 3930; x_wconf 87' lang='lat' dir='ltr'>Disticha</span> <span class='ocrx_word' id='word_1_240' title='bbox 775 3877 830 3931; x_wconf 81' lang='lat' dir='ltr'>trie</span> <span class='ocrx_word' id='word_1_241' title='bbox 855 3896 918 3932; x_wconf 88' lang='lat' dir='ltr'>curn</span> <span class='ocrx_word' id='word_1_242' title='bbox 943 3878 1142 3949; x_wconf 84' lang='lat' dir='ltr'>inscriptione:</span> <span class='ocrx_word' id='word_1_243' title='bbox 1175 3879 1220 3934; x_wconf 75' lang='lat' dir='ltr'>Ad</span> 
     </span>
     <span class='ocr_line' id='line_1_33' title="bbox 245 3966 1034 4027; baseline 0.006 -8"><span class='ocrx_word' id='word_1_244' title='bbox 245 3966 385 4022; x_wconf 75' lang='lat' dir='ltr'>iacobum</span> <span class='ocrx_word' id='word_1_245' title='bbox 403 3966 513 4022; x_wconf 80' lang='lat' dir='ltr'>Ilocbel</span> <span class='ocrx_word' id='word_1_246' title='bbox 532 3968 639 4024; x_wconf 86' lang='lat' dir='ltr'>Theob.</span> <span class='ocrx_word' id='word_1_247' title='bbox 656 3968 844 4026; x_wconf 74' lang='lat' dir='ltr'>Abascantios</span> <span class='ocrx_word' id='word_1_248' title='bbox 862 3971 1034 4027; x_wconf 81' lang='lat' dir='ltr'>Bellicanut.</span> 
     </span>
    </p>
   </div>
   <div class='ocr_carea' id='block_1_6' title="bbox 0 0 1404 5124">
    <p class='ocr_par' dir='ltr' id='par_1_7' title="bbox 0 0 1404 5124">
     <span class='ocr_line' id='line_1_34' title="bbox 0 0 1404 5124; baseline 0 0"><span class='ocrx_word' id='word_1_249' title='bbox 0 0 1404 5124; x_wconf 95' lang='lat' dir='ltr'> </span> 
     </span>
    </p>
   </div>
  </div>
 </body>
</html>
