2776 5124
420 461 674 526 Aucnmrtscoro
694 459 953 527 Sumsnuuurusr.
1167 473 1206 532 83

245 625 297 692 De
323 627 470 693 doctrina
497 625 633 713 denique
652 627 716 692 viri
733 646 800 689 non
821 639 867 689 est
886 623 973 710 quod
989 628 1091 692 multa
1110 639 1203 695 com-

163 759 354 804 memorem.
401 736 516 821 Neque
545 741 633 800 enim
662 732 846 797 eruditionis
881 732 1069 799 documenta
1101 738 1140 802 ab
1169 762 1203 806 se

165 849 245 914 edita
276 845 413 931 reliquit,
444 866 504 908 nec
524 844 613 907 facile
635 843 897 927 existimaverim,
925 846 1084 930 insignem
1106 850 1140 911 in
1163 872 1202 915 eo
1269 903 1271 914 .

165 956 340 1019 doctrinam
358 953 505 1038 adfuisse,
527 955 584 1038 qui
600 972 733 1016 omnem
751 952 852 1014 vitam
868 952 902 1012 in
919 950 1087 1015 tractandis
1099 976 1203 1042 nego-

164 1067 212 1126 tiis
231 1061 376 1129 civilibus
397 1073 610 1125 consumeret:
637 1063 759 1124 etiamsi
774 1073 861 1146 tum,
891 1083 965 1124 cum
988 1084 1007 1123 e
1024 1061 1130 1126 schola
1145 1066 1205 1130 hao

165 1183 272 1235 nostra
292 1175 326 1234 ib
348 1176 447 1236 vitam
468 1168 628 1256 publicam
643 1168 853 1256 egrederetur,
870 1168 980 1255 probe,
1000 1181 1036 1233 ut
1052 1179 1205 1258 temporis
1281 1228 1283 1232 ,

164 1283 244 1344 ratio
269 1278 382 1366 ferret,
420 1278 517 1342 literis
539 1283 727 1342 instructum
751 1279 845 1341 fuisse
864 1278 1039 1341 admodum
1058 1282 1206 1348 credibile

165 1391 212 1452 sit.
253 1385 317 1451 Sed
341 1385 426 1471 quod
446 1387 523 1451 alios
544 1371 727 1451 eruditionis
746 1385 839 1448 laude
859 1385 958 1450 claros
978 1387 1155 1453 inhonore
1175 1403 1207 1456 et

165 1500 265 1580 pretio
293 1493 422 1558 baberet
449 1509 480 1559 et
506 1517 562 1558 sua
589 1500 684 1557 etiam
710 1495 809 1580 gratia
833 1497 973 1557 maxime
994 1496 1078 1580 apud
1097 1499 1207 1564 Maxi·
1302 1550 1305 1557 ,

165 1603 331 1667 milianum
353 1626 373 1666 a
392 1603 488 1667 literis
509 1624 682 1687 earumque
703 1599 874 1664 cultoribus
894 1601 980 1664 baud
993 1603 1132 1668 alienum
1151 1611 1206 1692 ju·

165 1724 269 1778 varet:
300 1712 420 1775 factum
448 1725 509 1798 est,
530 1725 565 1774 ut
586 1712 725 1777 vicissIm
745 1707 923 1773 doctrinam
937 1710 1052 1798 Langii
1071 1722 1206 1781 summis

164 1819 307 1884 laudibus
336 1820 520 1884 extollerent
547 1831 733 1903 tantumque
759 1820 870 1883 virum
896 1830 927 1882 et
953 1824 1085 1905 privatis
1108 1822 1207 1890 literis

166 1939 196 1991 et
220 1927 310 1992 libris
336 1928 426 1992 editis
453 1931 586 1992 nomine
611 1916 704 1990 illius
721 1913 929 1992 inscnbendis
955 1941 1127 2014 patronum
1147 1931 1207 1997 sibi

166 2048 196 2099 et
215 2037 436 2100 Maecenatem
456 2035 675 2122 efflagitarent.

249 2144 340 2208 Haec
374 2145 412 2210 de
438 2144 601 2209 Matthaeo
628 2143 769 2229 Langm,
809 2146 959 2231 magistro
988 2143 1204 2234 Tubingensi:

166 2273 251 2319 nunc
272 2252 312 2317 de
332 2253 401 2318 aliis
421 2257 578 2344 magistris
598 2251 780 2320 dicendum.
