2776 5124
164 449 223 511 lla
440 441 565 506 Prona.
585 460 627 505 nr
645 435 733 506 Not.
752 436 846 505 Tusa.
865 458 919 501 aa.

159 628 227 674 non
252 605 381 695 indigna
404 606 496 672 nobis
515 609 584 672 visa
605 617 669 690 est,
701 623 781 690 quae
800 601 861 666 hac
882 600 1047 666 occasione
1066 597 1212 689 diligen-

158 721 220 783 tius
244 729 466 804 cognoscatur,
500 727 532 779 et
551 718 639 798 quati
663 711 885 783 ab-oblivioue
905 722 1074 779 revocetur
1095 709 1211 779 viudi-

159 837 319 914 ceturquez
543 834 547 841 '
1188 908 1192 918 Ι

241 934 359 1001 Rarior
386 935 440 999 illa
467 946 527 1015 est,
560 948 654 1022 atque
680 937 778 1000 etiam
807 928 891 1021 apud
917 953 977 997 nos
1002 927 1088 995 haud
1110 927 1206 994 facile

157 1041 267 1130 obuia,
300 1065 359 1109 nec
377 1055 485 1107 tamen
503 1043 598 1128 plane
617 1047 726 1130 ignota
746 1042 821 1130 illis,
853 1045 908 1127 qui
928 1042 1025 1107 variis
1044 1037 1221 1104 librorum

155 1144 319 1215 sacrorum
340 1138 528 1216 editionibus
546 1133 746 1216 recensendis
764 1170 898 1236 operam
917 1170 1010 1214 suam
1029 1158 1202 1214 natarunt.

156 1255 285 1324 Etenim
301 1254 493 1324 'Lruoneros
512 1279 601 1347 eam,
630 1257 686 1325 sed
704 1261 901 1348 paucissimis
919 1257 1037 1343 modo,
1058 1277 1208 1322 comme·-

157 1379 265 1450 morat
291 1366 459 1450 (Bibliotb.
482 1365 516 1432 S.
529 1366 627 1433 Tom.
647 1367 677 1433 I.
695 1389 770 1456 pag.
790 1373 866 1432 216.
888 1364 939 1433 ed.
960 1365 1062 1430 Paris.
1081 1363 1211 1451 lm),

161 1485 193 1539 et
211 1473 382 1540 Maternus
410 1475 498 1563 (pag.
516 1473 693 1542 uocum.
713 1474 741 1541 1.
761 1473 834 1539 edit
853 1472 948 1558 Hal.)
976 1473 1112 1538 lectores
1134 1486 1209 1537 suos

160 1584 292 1646 remittit
315 1581 357 1646 ad
374 1581 630 1649 Baouoaumn
649 1592 858 1648 commentar.
877 1579 917 1646 de
935 1581 1023 1647 libris
1042 1601 1211 1646 memora-

161 1686 276 1756 bilibus
308 1689 601 1774 (Naohrich'ten
628 1712 708 1758 von
732 1688 971 1756 merkwiird.
990 1688 1208 1776 Biichern),

162 1818 301 1883 quorum
320 1811 400 1863 tom.
420 1798 465 1862 II.
483 1821 555 1886 pag.
579 1804 618 1864 18
639 1801 797 1885 copiosius
815 1796 946 1884 quidem
967 1796 1007 1862 de
1026 1795 1086 1862 hae
1104 1797 1151 1864 N.
1168 1795 1211 1865 T.

162 1905 300 1971 editione
314 1904 513 1994 Tubiugenti
530 1906 804 1994 disputammest,
824 1904 881 1970 sed
901 1907 1003 1992 magis
1023 1904 1063 1968 de
1082 1918 1211 1971 externa

165 2016 233 2099 ejus
256 2014 352 2101 facie,
378 2035 460 2103 quae
484 2036 503 2079 a
524 2017 707 2103 marginum
733 2011 940 2100 amplitudine
967 2026 998 2076 et
1021 2035 1210 2099 graecorum

164 2132 336 2209 typorum,
361 2143 474 2187 senum
495 2123 593 2187 oculis
614 2119 946 2208 accommodatorum,
965 2119 1127 2206 spectabili
1146 2121 1213 2185 ele·

166 2231 272 2312 gantia
291 2228 378 2293 haud
395 2251 511 2315 parum
531 2229 817 2295 commendationis
836 2228 946 2316 habet,
966 2251 1065 2316 quam
1087 2230 1128 2296 de
1146 2230 1213 2294 lec·-

166 2335 262 2402 tionIs
284 2335 339 2401 illa
357 2339 526 2426 varietate,
551 2359 633 2425 quae
651 2351 760 2404 tamen
779 2341 926 2404 examine
946 2339 1053 2427 aliquo
1069 2346 1214 2429 praepri-

166 2445 231 2508 mis
257 2440 355 2528 digua
381 2445 484 2511 videri
510 2459 613 2532 queat.
656 2447 700 2512 At
719 2447 880 2531 Pramus
905 2468 1032 2534 quoque
1058 2449 1112 2535 (in
1132 2453 1215 2515 notis

168 2546 211 2613 ad
237 2548 404 2616 corollaria
427 2550 501 2618 diss.
522 2552 563 2619 de
582 2554 765 2641 Evangeliis
789 2552 848 2620 sub
865 2540 1032 2621 Anastasio
1052 2578 1122 2622 non
1142 2579 1215 2622 oor·

168 2659 270 2742 ruptis
288 2652 438 2746 subjecta,
457 2659 525 2726 tid.
544 2660 705 2729 Primitiae
724 2661 921 2749 Tubingens.
940 2685 1011 2750 pag.
1033 2664 1109 2754 81),
1131 2664 1215 2744 uude
1245 2670 1249 2675 '

168 2759 434 2851 Hnsenrefferns‚
462 2767 514 2830 vir
534 2791 693 2853 summus,
715 2769 864 2834 lectiones
875 2791 951 2832 suas
967 2771 1079 2834 uarios
1094 2773 1215 2834 desum·

169 2871 264 2959 serit,
299 2876 461 2960 cognitum
487 2895 523 2941 so
548 2875 665 2943 habere
690 2882 800 2968 negat}
837 2892 869 2944 et
893 2877 1077 2943 Bruomus
1104 2881 1215 2962 etiam,

169 2982 318 3061 quamvis
341 2984 376 3046 in
395 2981 561 3070 Apparatu
580 2985 659 3053 Crit.
678 2995 796 3078 passim
820 2989 927 3055 laudat
949 2991 1124 3057 editionem
1143 2993 1217 3058 Ha-

19 3096 21 3103 ·
128 3100 132 3110 ·
169 3083 267 3172 ienr.,
294 3088 408 3156 nullibi
428 3103 552 3181 tamen,
579 3097 656 3183 quid
682 3098 723 3162 de
741 3102 838 3168 variis
857 3102 925 3186 ejus
943 3099 1130 3167 lectionibus
1152 3116 1217 3168 sta-

170 3191 325 3259 tuendum
351 3201 406 3286 sit,
439 3200 589 3270 decernit.
638 3206 750 3294 Itaque
775 3231 890 3296 operae
917 3215 1055 3298 pretium
1081 3211 1217 3278 facturos

171 3318 232 3363 nos
257 3323 324 3368 esre
344 3309 611 3402 existimavimus,
640 3318 685 3402 si,
712 3316 788 3404 quid
809 3309 849 3382 de
869 3317 928 3382 hac
948 3318 1102 3408 editione,
1131 3325 1217 3408 ejus-

171 3426 236 3530 <pue
261 3407 405 3480 lectionis
430 3420 597 3508 varietate,
628 3424 822 3529 censendum
838 3429 903 3516 sit,
930 3430 1038 3516 paucis
1061 3410 1216 3516 exposue-

170 3535 282 3580 rimus.
834 3547 841 3556 ’

181 3718 184 3723 ¹
218 3682 221 3688 .
254 3621 403 3695 Primum
421 3625 718 3741 ita'queoudiomus
732 3622 886 3735 editorem
901 3646 1020 3731 ipsum,
1038 3649 1075 3714 in
1092 3650 1218 3736 praefa-

96 3820 100 3827 ,
169 3731 259 3795 tione
283 3733 416 3825 lectores
440 3734 564 3847 dep'auo
588 3774 685 3842 opere
710 3753 895 3820 edocentem
913 3753 1108 3843 historiis:
1147 3738 1218 3844 „Ut

170 3841 208 3903 in'
228 3839 459 3937 tabulavid'eai
477 3844 591 3948 iiiior,
612 3863 688 3957 quid
708 3886 747 3929 ex
766 3863 825 3953 hac
845 3862 983 3930 editione
997 3862 1141 3952 polliceri
1157 3845 1218 3930 silui

169 3952 346 4067 Pffffltlil‘
365 3942 511 4077 lubio,
526 3975 718 4075 lpprimum
735 3970 830 4040 habet
849 3984 970 4040 textum
984 3994 1153 4063 graecum,
1173 3997 1217 4040 ex
