2776 5124
170 477 233 540 212
532 455 584 522 Dr
602 452 840 539 Humanum,
890 426 894 432 ’

169 633 293 724 publica
319 644 388 694 non
412 631 515 711 potest
541 618 717 710 significare
743 614 828 682 aliud
853 611 1017 702 quidpiam
1036 615 1109 680 nisi·
1119 617 1223 704 Opus

168 741 382 828 complectens
408 733 490 798 dicta
514 743 545 796 et
564 726 914 816 erremplaSapientumv
931 737 1095 806 veterum,
1123 728 1213 814 quod

170 850 314 915 libellum
341 848 396 933 qui
421 842 509 929 dicit,
539 841 606 927 ipse
629 833 752 926 prodit,
780 853 840 901 nec
862 833 1048 904 risumsibi
1066 855 1212 922 unquam

167 979 227 1025 nec
247 958 408 1044 cognitum
428 972 507 1037 opus
525 949 628 1014 firisse.

251 1061 424 1128 Martinus
446 1057 592 1139 Cresius,
619 1061 655 1121 in
667 1052 843 1121 Annalibus
857 1049 998 1120 Suet‘Icis
1016 1051 1114 1140 (quos
1129 1073 1211 1120 con·-

168 1168 303 1242 scribere'
335 1167 437 1252 coepit
465 1184 548 1229 anno
577 1168 683 1229 aetatis
707 1161 833 1229 LXIII.
859 1172 951 1226 natus
977 1169 1065 1227 anno
1090 1161 1210 1250 1526),

166 1282 244 1349 baec
266 1278 360 1345 refert
381 1275 420 1338 de
439 1270 640 1338 Eberhardo:

290 1386 339 1451 Ex
356 1380 539 1470 quotidiana
560 1380 757 1448 eruditorum
775 1381 985 1448 familiaritate
1005 1405 1079 1449 eam
1098 1383 1209 1450 erudi-

124 1489 128 1495 ’
247 1501 370 1560 tionem
394 1502 576 1556 consecutus
599 1503 660 1578 est,
687 1504 736 1578 ut,
763 1494 910 1578 quamvis
929 1490 1100 1558 latinarum
1119 1493 1208 1558 litte-

247 1623 358 1670 rarum
382 1602 514 1686 ignarus
536 1610 631 1686 esset,
658 1609 767 1665 tamen
790 1600 830 1664 de
853 1598 1002 1665 omnibus
1024 1601 1117 1666 rebus
1139 1601 1208 1666 dis-

247 1733 350 1778 serere
369 1718 488 1797 posset,
514 1726 589 1772 cum
609 1708 739 1796 quidem
756 1711 886 1800 ingenio
904 1707 1126 1796 memoriique
1144 1731 1208 1779 va-

244 1819 333 1887 leret.
353 1856 396 1871 ·-

284 1928 421 1994 Librum
445 1928 530 2016 Ipse
544 1927 705 1994 eruditum
728 1927 767 1993 de
788 1925 906 1994 Aulica
928 1929 996 1996 vita
1014 1924 1208 1996 Germanice

244 2037 372 2124 scripsit
391 2039 522 2124 aliisque
541 2037 672 2103 Casibus
691 2034 821 2122 mundi,
844 2034 901 2099 tali
923 2034 1114 2123 Epigraphea
1142 2031 1207 2099 DE

237 2146 394 2214 'chrrs
414 2145 695 2231 SAPIENTUM2
721 2166 820 2234 quem
839 2143 934 2211 audio
953 2143 1066 2210 Latine
1085 2155 1116 2210 et
1136 2142 1206 2209 Ita-

241 2255 301 2319 lice
321 2276 512 2324 conversum
532 2275 608 2320 esse.

219 2362 261 2427 In
280 2364 427 2451 Margine
444 2362 532 2429 idem
551 2375 671 2430 temere
687 2361 849 2450 adscripsit
866 2361 945 2428 baec
963 2361 1079 2434 rerba:

404 2469 561 2558 „Reinart
579 2468 699 2558 Fuchs,
726 2469 899 2560 regnard“.

219 2577 311 2670 Quae
331 2580 441 2643 omnia
461 2599 536 2644 sane
555 2581 598 2644 ita
618 2588 690 2644 sunt
710 2592 907 2669 comparata,·
935 2590 971 2644 ut
990 2577 1120 2644 audacia
1139 2579 1204 2644 bo-

155 2689 252 2752 minis
278 2690 382 2774 magis
407 2688 502 2754 etiam
527 2686 734 2776 vituperanda
760 2687 864 2756 videri
889 2691 1000 2775 possit,
1030 2708 1131 2776 quam
1155 2693 1204 2755 rei

54 2834 57 2845 =
153 2799 345 2883 ignorantia.

215 2905 304 2995 Hinc
330 2904 457 2970 traditio
485 2905 525 2971 de
547 2902 733 2972 Eberhardo
762 2899 839 2971 libri
866 2917 998 2969 auctore
1024 2902 1065 2968 ad
1088 2903 1201 2992 plures

152 3016 274 3077 transiit
293 3023 324 3076 et
342 3013 408 3078 fere
425 3015 584 3102 popularis
603 3015 726 3081 reddita
744 3023 808 3103 est„

214 3120 332 3186 Visum
358 3135 405 3187 est
428 3127 541 3210 primis
567 3123 681 3188 saeculi
703 3124 841 3209 proximi
865 3122 972 3208 annis,
1011 3119 1196 3188 Bibliorum

151 3229 399 3296 vernaculorum
425 3231 602 3317 uolumini,
629 3231 776 3316 deinceps
801 3234 896 3295 etiam
915 3227 1121 3295 Canticorum
1142 3251 1198 3294 sa-

151 3359 281 3402 crorum
301 3337 489 3403 editionibus
508 3339 700 3424 domesticis,
721 3337 891 3426 adjungere
909 3335 1044 3406 brevem
1064 3336 1104 3401 de
1119 3337 1199 3400 Du-

150 3440 538 3533 cibus··Wiirternbergiae
565 3447 798 3528 narrationem„
824 3445 954 3510 consilio
981 3459 1017 3510 ut
1036 3444 1118 3510 mihi
1139 3446 1198 3514 vi-

150 3552 241 3619 detur
259 3552 344 3618 haud
362 3552 585 3641 improbando.
624 3553 772 3618 Narratio
793 3553 870 3618 haec
889 3551 1028 3618 exhibet:

273 3662 476 3728 Eberhard
501 3663 586 3748 (der
604 3662 735 3748 Erste)
750 3661 947 3749 'bezeugte
967 3661 1101 3748 grosse
1117 3660 1193 3724 Zu-

210 3773 384 3860 neigung
400 3794 443 3834 zu
456 3771 598 3858 freyen
608 3770 789 3836 Kiinsten
802 3764 1193 3838 undWissenschaf-

210 3893 290 3968 ten,
321 3879 502 3968 beklagte
529 3881 670 3965 bfters,
704 3878 790 3944 dass
819 3901 860 3944 er
890 3884 930 3944 in
956 3881 1085 3944 seiner
1113 3876 1191 3940 Ju-

210 3987 311 4073 gend
335 3988 445 4055 nicht
466 4008 510 4052 zu
538 3986 612 4053 den
630 3986 799 4056 Studien
823 3985 1059 4073 angehalten
1078 4005 1189 4050 wor-
