2776 5124
173 457 214 514 20
450 443 654 515 Eorrorrs
689 446 943 516 Poorrrrro.

168 615 291 683 tIssimo
311 611 444 701 verique
464 635 594 678 censore
611 615 901 703 perspicacissimo,
928 611 1094 677 historiam
1118 616 1223 680 eccle-

166 730 324 791 siasticam
343 736 453 788 tamen
474 744 549 786 cum
567 723 697 789 historia
712 725 901 813 dogmatum
912 721 1094 809 explicatius
1106 722 1224 799 docere

54 909 57 914 ,
166 836 223 901 vix
246 845 277 897 et
302 854 345 897 ne
369 834 426 897 vix
446 829 578 916 quidem
598 832 840 900 concederetur:
871 835 979 919 itaque
1010 830 1224 898 Scnnunrrur

167 941 336 1031 prudentia
355 937 439 1003 bene
458 937 590 1005 cavebat
608 940 669 1005 sibi
688 941 729 1005 ab
750 963 807 1028 eo,
836 939 923 1027 quod
941 939 1117 1005 Purnrrrus
1143 940 1224 1004 Mu*

165 1070 376 1136 nnucnrnou,
405 1059 437 1111 et
456 1049 524 1134 ipse
543 1046 700 1136 theologis
721 1047 950 1114 cathedralibus
960 1070 1029 1113 non
1037 1047 1223 1136 adscriptus,

166 1164 251 1227 inter
269 1177 409 1247 „causas,
428 1176 485 1220 rur
504 1157 613 1220 minus
633 1179 653 1221 a
672 1173 776 1226 morte
796 1154 1011 1246 abhorreret‚“
1036 1156 1097 1222 sibi
1117 1159 1223 1242 scrip-

164 1280 265 1333 serat:
286 1263 486 1331 Liberaberis
510 1267 668 1331 nimirum
694 1288 715 1331 a
733 1304 778 1321 -
799 1267 866 1343 uelo
895 1265 1087 1354 theologico!
1121 1274 1222 1350 prout

166 1375 308 1442 Consssia
326 1375 607 1441 Mumncnruours
625 1372 822 1462 Theologica
835 1376 882 1442 P.
900 1375 948 1442 Π,
965 1398 998 1463 p.
1019 1381 1092 1442 396.
1119 1376 1222 1438 acrius

164 1487 228 1554 hoc
247 1485 287 1549 de
306 1480 438 1573 „rabie“
458 1481 702 1570 Theologorum
720 1503 789 1550 non
808 1487 871 1552 uisi
887 1487 924 1553 in
947 1481 1153 1574 „Theologos
1177 1482 1221 1547 de

166 1589 288 1686 vulgo“
308 1591 428 1656 dictum
448 1604 662 1659 asservarent.

249 1698 438 1789 Cuiusmodi
464 1704 665 1785 superiorum
691 1710 877 1791 temporum
904 1693 1050 1790 exempla
1076 1722 1144 1768 non
1172 1702 1222 1766 si-

164 1809 269 1895 lenda,
289 1807 345 1872 sed
362 1809 518 1872 enotanda
538 1815 643 1896 potius
663 1811 790 1898 lucique
807 1808 953 1898 publicae
961 1809 1150 1899 exponenda
1163 1813 1220 1875 vii-

164 1917 293 2002 deutur,
319 1929 373 2001 ut,
394 1928 549 2000 quantum
568 1920 603 1981 in
621 1917 714 1984 nobis
734 1932 796 2006 est,
817 1939 1007 1998 caveamus,
1035 1938 1083 1981 ue
1106 1911 1222 1983 coaevi

163 2047 308 2112 uuquam
328 2037 360 2088 et
378 2027 539 2110 sequiores
558 2029 593 2090 in
613 2027 745 2092 eosdem
762 2027 893 2112 laqueos
911 2027 1090 2111 mentisque
1115 2045 1223 2112 angn-

160 2138 236 2225 stias
263 2136 333 2199 sive
360 2132 519 2219 incidant,
551 2136 622 2202 sive
648 2137 793 2222 seipsos
819 2149 980 2200 coarctent
1003 2140 1222 2223 coarctarique

163 2213 308 2329 riuquam
328 2242 444 2330 sinant,
463 2242 572 2306 futuro
598 2253 801 2328 posterorum
828 2242 941 2308 saltem
966 2242 1102 2330 judicio,
1132 2245 1222 2331 quod

162 2350 358 2422 inexorabile
377 2350 636 2438 prospiciendum
663 2361 710 2416 est
737 2364 769 2416 et
797 2372 956 2438 perenne,
982 2351 1024 2416 ad
1049 2352 1222 2442 pudorem,

163 2455 283 2550 quippe
302 2452 481 2547 salutarem,
503 2452 757 2524 commonefacti»

246 2570 353 2634 Edam
373 2567 460 2654 quod
486 2573 522 2632 in
547 2571 670 2654 scriptis
696 2572 759 2634 suis
785 2566 937 2656 singulari
962 2570 1139 2638 eruditione
1164 2584 1223 2638 're-

64 2754 65 2758 ¹
162 2682 258 2766 fertis,
278 2677 419 2749 velutin
439 2673 643 2737 Bibliotheca
655 2677 804 2740 Arabico
817 2677 944 2763 (1812.)
963 2678 1222 2767 bibliographum

165 2812 269 2876 agere,
290 2808 389 2872 quam
410 2783 557 2849 scintillas
577 2782 745 2869 radiosque
766 2807 817 2850 res
836 2789 919 2872 ipsas
945 2807 1032 2854 nova
1055 2787 1125 2851 luce
1144 2789 1222 2851 illu-

162 2911 315 2963 straturos
334 2893 460 2976 addere,
480 2911 540 2976 pro
562 2894 728 2976 sagacitate
748 2914 803 2956 sua
823 2895 988 2980 maluerit3
1016 2895 1049 2958 id
1075 2917 1117 2959 an
1143 2898 1221 2962 inde

163 3008 385 3092 potissimum,
411 2982 498 3084 quod
517 2999 654 3062 eandem
679 3004 831 3086 temporis
859 3005 946 3066 istius
975 3006 1161 3089 opinionem
1187 3021 1220 3071 et

162 3112 419 3198 superstitionem
437 3111 556 3174 evitare
576 3111 629 3174 vir
646 3107 776 3197 probus,
793 3110 851 3176 sed
872 3124 989 3198 cautus,
1002 3134 1069 3176 uon
1085 3116 1219 3199 impug-

163 3244 241 3287 nare
262 3219 410 3302 voluerit,
431 3213 653 3302 explicandum
675 3215 838 3306 videatur,
866 3241 926 3306 ego
948 3208 1077 3304 quidem
1099 3226 1219 3286 nescio.

162 3330 203 3397 Id
228 3340 322 3412 certe,
350 3323 438 3410 quod
470 3336 502 3388 et
526 3327 562 3387 in
585 3323 693 3412 ampla
715 3323 996 3388 Dissertationum
1023 3324 1217 3390 biblicarum

161 3438 243 3501 serie
260 3437 354 3522 (quas
373 3433 431 3497 sub
451 3432 558 3496 titulo:
582 3430 780 3516 Philotogico
796 3433 983 3496 criticorum
996 3443 1058 3497 etc.
1069 3433 1218 3497 consider·

161 3545 336 3612 ruteelecto
357 3563 387 3606 a.
412 3548 503 3608 1790.
513 3539 702 3629 colligendas
714 3538 1115 3626 curavit)totsingulorum
1124 3540 1217 3604 rocoa

161 3677 235 3718 rum
265 3646 465 3716 difficultates
491 3649 660 3735 illustrans,
686 3669 725 3711 ex
745 3647 893 3711 omnibus
912 3661 1031 3735 tamen,
1051 3670 1132 3733 quae
1151 3673 1216 3715 vu⁴

162 3776 245 3849 cant,
263 3763 352 3827 dictis
375 3760 507 3824 classicis
528 3781 569 3824 ne
589 3778 692 3820 uuum
713 3754 842 3841 quidem
862 3761 1007 3842 tetigerit,
1028 3761 1095 3820 siue
1116 3756 1215 3820 dubio

162 3871 280 3934 facturn
300 3883 346 3935 est
365 3867 535 3933 deliberato
545 3865 689 3947 sconsilio
709 3867 781 3948 vici,
802 3878 838 3928 ut
857 3864 938 3928 bene
963 3869 1053 3950 novi,
1075 3865 1216 3950 religiosi

161 4001 202 4043 ex
220 3981 345 4063 auimo,
370 3977 426 4041 sed
446 3976 658 4064 dogmaticam
676 3971 1078 4059 patristico-Scholasticam
1100 3971 1215 4036 ortho-
