2776 5124
163 441 219 502 108
526 445 707 511 Mercator
728 443 895 527 Votuin,

158 604 297 690 aliquam
328 603 446 694 adiret,
478 607 676 676 academicos
705 607 846 672 honores
874 601 1039 690 petiturus.
1092 599 1219 664 Maluit

159 726 266 776 autem
287 735 373 778 anno
392 719 559 808 proximo,
585 743 604 783 a
625 719 758 784 lectione
778 717 854 800 juris
875 711 977 780 civilis
996 731 1031 774 se
1051 707 1217 796 abdicare,

159 843 241 908 quae
269 828 460 890 nonnemini
491 823 724 908 christophoro
759 817 877 905 Wrest,
914 817 1048 884 obscuro
1080 816 1216 904 quidem

160 930 215 995 sed
232 930 368 996 Doctori
386 934 544 1021 legitimo,
565 931 753 997 demandata
774 945 829 998 cst.
872 931 945 1018 lpse
963 929 1005 994 ad
1024 926 1216 1020 inferiorem

160 1041 341 1107 facultatem
370 1042 549 1129 descendit,
585 1041 705 1108 litteras
730 1040 934 1106 humaniores
960 1037 1149 1126 traditurus,
1178 1035 1216 1097 iu

159 1146 274 1236 quibus
293 1151 389 1238 plane
408 1150 587 1214 excellebat.

245 1257 342 1323 Auno
374 1258 454 1326 1544
480 1258 619 1323 facultati
646 1261 781 1345 artium,
814 1255 946 1323 nomine
972 1255 1077 1321 Ulrici
1095 1251 1215 1336 Ducis,

161 1388 250 1435 nova
277 1389 376 1453 eaque
402 1353 563 1430 liberalior
589 1366 727 1431 formula
755 1367 827 1433 data
856 1378 919 1453 est,
953 1367 988 1429 in
1008 1385 1072 1450 qua
1092 1360 1216 1425 disertis

164 1475 274 1544 verbis
291 1487 418 1538 cautum
439 1475 628 1563 Volmari0,
652 1477 765 1542 latinas
786 1495 973 1564 graecasque
991 1472 1110 1537 litteras
1131 1487 1223 1568 nunc

163 1591 248 1653 etin
269 1583 486 1650 Contubernio
508 1598 539 1648 et
558 1585 685 1671 publice
705 1584 885 1674 profitenti,
918 1603 960 1645 ne
980 1579 1158 1666 quidquam
1178 1558 1217 1640 de

163 1691 360 1780 honorifico,
387 1714 451 1779 quo
472 1693 573 1758 adhuc
593 1698 720 1781 gavisus
740 1705 833 1780 esset,
857 1674 1023 1776 Stipendia
1041 1672 1216 1752 inminuti

164 1816 261 1870 retur.
310 1802 371 1867 Illa
395 1802 533 1866 formula
558 1815 726 1888 postquam
755 1804 904 1887 proximo
926 1819 1014 1863 anno
1034 1818 1053 1860 a
1071 1799 1217 1883 principe

165 1915 262 1975 etiam
290 1910 444 1975 declarata
471 1921 550 1976 esset
577 1922 610 1974 et
634 1908 838 1990 confirmata,
870 1907 1060 1973 Volmarius
1079 1925 1169 1968 nunc
1186 1906 1216 1967 in

167 2022 362 2084 consortium
376 2018 546 2082 Facultatis
566 2018 684 2080 artium
703 2030 845 2104 receptus
865 2027 928 2101 est,
949 2013 1041 2080 brevi
1061 2023 1136 2100 post
1155 2032 1217 2076 non

167 2129 267 2192 modo
286 2129 435 2193 Decanus
456 2130 570 2215 fastris,
590 2127 646 2192 sed
667 2139 698 2190 et
717 2146 882 2190 summum
904 2126 1037 2191 civitatis
1056 2119 1218 2186 scholasti·

168 2257 223 2300 cae
241 2241 461 2322 magistratum
482 2249 681 2317 consecutus,
703 2234 767 2301 kal.
787 2235 869 2319 Maji
893 2237 984 2301 1547.

253 2345 330 2409 Erat
346 2347 533 2410 Volmarius
553 2346 727 2431 elegantiae
746 2344 781 2409 in
813 2363 961 2408 sermone
981 2339 1080 2410 latino
1100 2337 1219 2404 studio-

169 2453 329 2538 sissimus,
358 2476 488 2540 graecae
516 2467 623 2517 autem
648 2452 776 2538 lInguac
803 2451 883 2515 adeo
912 2452 1050 2536 peritus,
1082 2460 1118 2511 ut
1140 2449 1218 2512 Duri

170 2558 444 2648 Wirtembergico
472 2563 646 2628 affirmasse
673 2561 808 2645 feratur,
844 2559 940 2623 malle
961 2581 1001 2623 se
1029 2579 1159 2623 causam
1187 2559 1218 2621 in

171 2668 243 2731 foro
264 2690 393 2757 graece,
415 2692 512 2756 quam
527 2673 707 2759 germanice
723 2690 826 2756 agere.
869 2665 932 2732 Sed
949 2670 1097 2754 quamvis
1111 2687 1221 2754 graece

173 2791 204 2839 et
222 2775 319 2840 latine
339 2776 507 2842 scribendo
527 2778 700 2865 excelleret,
720 2788 797 2840 teste
816 2778 886 2863 ipso
901 2776 995 2857 Bezer,
1013 2775 1131 2840 idoneo
1149 2795 1222 2839 sane

172 2883 293 2971 judice,
312 2887 355 2948 ita
375 2898 484 2949 tamen
505 2886 600 2950 simul
620 2885 660 2950 ab
681 2887 772 2948 omni
791 2884 964 2949 ambitione
983 2895 1125 2950 remotus
1146 2893 1223 2965 erat,

173 3006 226 3079 ut,
259 2991 427 3080 Tubingae
454 2993 533 3058 dum
560 3006 658 3082 esset,
690 2991 770 3057 nihil
793 2991 925 3058 ediderit
953 3006 1076 3080 praeter
1097 2993 1222 3055 unicam

172 3099 412 3185 perelegantem
434 3097 690 3186 praefationem,
729 3098 970 3161 Grammaticae
995 3118 1135 3183 graecae
1157 3095 1224 3158 De·

176 3204 282 3266 metrii
289 3201 567 3299 tClialeondplae,
599 3202 753 3268 Basileae
780 3208 859 3284 1548
881 3226 1035 3286 excusae,
1069 3208 1225 3292 praemis-

175 3331 261 3397 sam,
288 3309 328 3374 de
347 3316 470 3376 ratione
491 3312 695 3378 addiscendae
715 3310 843 3400 linguae
868 3334 1008 3401 graecae.
1048 3311 1225 3400 Praeterea,

177 3417 264 3504 quod
284 3423 408 3483 nemini
426 3419 530 3483 adhuc
550 3420 770 3507 observatum,
798 3417 1037 3504 Confissionem
1057 3421 1129 3506 piae
1149 3420 1227 3484 doc-

176 3530 292 3611 trinae,
314 3547 395 3610 quae
409 3525 540 3587 nomine
558 3526 779 3611 Christophori
794 3523 899 3588 Ducis
924 3522 1149 3614 Wirtemberg.
1167 3551 1227 3616 ,per

177 3634 296 3720 legatos
324 3636 391 3719 ejus
417 3637 604 3709 anu01552
633 3634 869 3720 congregationi
895 3633 1074 3698 Tridentini
1101 3637 1228 3699 concilii

177 3744 338 3828 proposita
357 3755 403 3807 est
423 3753 454 3806 et
473 3741 640 3830 Tubiugae
658 3742 754 3806 latine
774 3741 875 3827 edita,
905 3739 1085 3802 Volmariut
1105 3741 1226 3827 gallice

179 3872 200 3909 o
227 3870 261 3910 se
289 3869 479 3910 conversam
508 3849 607 3912 edidit
633 3849 798 3937 Tubingac
824 3853 914 3916 1554.
944 3851 980 3931 8,
1014 3847 1069 3911 sed
1095 3851 1226 3935 proprio

179 3959 369 4042 privatoque
390 3955 539 4044 consilia,
564 3957 762 4044 etquidem,
788 3970 824 4022 ut
843 3958 922 4022 mihi
942 3951 1085 4042 videtur,
1112 3977 1170 4039 eo,
1192 3966 1225 4018 ut
