2776 5124
559 460 659 527 Fuu
678 458 822 526 Josnus.
1021 545 1027 555 .
1152 463 1208 541 185

167 633 298 707 propter
315 619 418 685 effecit
441 621 639 707 Wackerus,
667 636 703 704 ut
722 622 930 710 Paedagogii,
959 627 1011 686 oui
1030 627 1096 712 ipse
1114 646 1211 710 prae-.-

166 743 261 814 esset,
282 727 506 816 Snrttgardiani
522 730 611 794 classi
627 746 757 816 quartae
772 729 994 818 praeficeretur
1007 731 1211 799 Burckhard-

167 851 228 903 tus.
276 837 399 905 Invitus
428 839 479 902 hic
505 838 652 928 Tubinga
681 837 833 926 discessit,
865 840 921 906 sed
948 839 1057 926 brevi,
1089 824 1213 926 praeter

150 967 300 1009 -omnem
328 951 533 1034 opinionem,
566 958 674 1028 nactus
697 961 742 1010 est
762 947 823 1010 huc
846 946 999 1011 redeundi
1021 947 1212 1038 facultatem»

165 1049 312 1138 Etenim,
344 1057 541 1118 matrImonii
570 1053 787 1118 conditionem
816 1076 888 1117 cum
919 1057 1043 1141 virgine
1070 1026 1214 1143 lionesu,

165 1181 226 1226 nec
253 1160 365 1248 opibus
392 1161 534 1226 destituta
561 1183 580 1225 a
601 1175 752 1247 cognato,
782 1166 837 1246 qui
863 1165 989 1250 juvenis
1014 1167 1159 1229 animum
1179 1177 1213 1229 et

166 1272 333 1354 ingenium
352 1269 394 1333 ad
415 1291 635 1356 quemcunque
654 1280 769 1332 statum
790 1267 979 1352 reipublicae
998 1285 1164 1356 promtum
1183 1284 1215 1336 et

166 1376 443 1459 accommodatum
462 1371 592 1442 haberet
612 1380 787 1462 cognitum,
811 1375 871 1440 sibi
884 1375 1022 1440 oblatam
1037 1379 1214 1466 amplexus,

165 1483 334 1555 eonsilium
362 1491 444 1570 cepit
468 1486 647 1570 academica
670 1483 770 1548 studia
793 1485 1021 1572 prosequendi,
1049 1500 1079 1551 et
1101 1467 1214 1575 simul,

165 1612 203 1660 ut
229 1599 277 1659 rei
304 1594 451 1679 familiari
479 1595 670 1720 consuleret,
706 1597 741 1658 in
769 1586 1011 1658 humanioribus
1038 1593 1156 1658 artibus
1184 1611 1216 1660 et

164 1702 363 1792 philosophia
383 1692 628 1768 adolescentes
615 1693 765 1789 privatim
787 1703 980 1768 instituendi
1019 1703 1062 1767 Et
1082 1703 1213 1790 quidem

166 1809 256 1875 iaris
275 1807 437 1896 scientiam
458 1832 634 1898 aggressus,
655 1832 723 1895 non
743 1826 865 1878 tantum
880 1817 1038 1912 privatim
1052 1835 1122 1878 eam
1136 1837 1214 1901 per-

164 1936 289 1991 secutus
316 1936 378 2008 est,
411 1910 466 1986 sed
493 1920 632 2029 publicas
660 1943 785 2013 quoque
811 1922 1051 2008 professorum,
1075 1943 1213 2008 quorum

164 2033 238 2116 jam
259 2028 315 2096 ilio
342 2046 486 2116 tempore
513 2050 567 2093 sex
592 2044 682 2093 eraut
708 2034 793 2115 iique
812 2030 899 2093 haud
922 2028 1110 2115 incelebres,
1142 2044 1212 2094 stu-

168 2137 257 2204 diose
280 2139 504 2225 frequentavit.
548 2125 725 2214 Consilium
745 2153 853 2215 autem
872 2137 965 2219 illud,
994 2138 1033 2202 de
1053 2141 1213 2225 recipien*

130 2224 136 2236 ’
166 2247 216 2312 dis
235 2250 270 2311 in
288 2251 449 2334 privatam
471 2245 670 2332 disciplinam
690 2260 720 2310 et
741 2253 773 2331 in
791 2250 973 2330 convictum
991 2267 1117 2333 quoque
1132 2246 1215 2310 ado-

165 2355 370 2442 lescentibus,
397 2359 441 2437 ita
461 2350 611 2441 prospere
631 2360 754 2440 evenit,
779 2368 815 2417 ut
832 2354 939 2439 brevi,
960 2354 1085 2443 cogniti
1104 2354 1216 2419 homi-

167 2467 225 2529 nis·
243 2464 396 2528 industria
425 2477 455 2527 et
482 2453 679 2549 dexteritate,
713 2487 847 2551 magnus
876 2465 917 2545 ad
944 2488 1019 2546 eum
1046 2482 1216 2542 concursus

166 2559 259 2638 fieret
273 2575 510 2657 convictorum,
531 2575 586 2658 qui
598 2573 692 2636 simul
708 2580 834 2659 priuata
852 2577 917 2659 ejus
933 2575 1127 2655 institutione
1142 2587 1217 2638 ute·-

165 2697 294 2771 peniur,
313 2704 374 2747 nec
395 2680 509 2765 domus
530 2676 653 2767 caperet
673 2661 928 2766 multitudinem,
949 2680 1001 2746 sed
1021 2681 1098 2770 alia,
1116 2703 1218 2767 eaque

169 2791 324 2877 amplior,
344 2789 480 2873 emenda
501 2786 594 2876 esset,
618 2804 649 2854 et
668 2793 742 2875 ipsa
755 2794 848 2859 novis
866 2788 998 2853 subinde
1015 2788 1219 2876 hypocaustis

167 2913 199 2963 et
228 2895 375 2982 cubiculis
399 2896 582 2974 instruenda
611 2895 771 2982 (Coniux,
803 2921 877 2961 cum
902 2911 973 2982 post
998 2899 1128 2983 triginta
1152 2919 1216 2964 ans-

167 3029 287 3095 norum
309 3008 493 3091 conjugium
513 3003 631 3091 obiret,
660 3004 775 3088 ducent
763 3018 871 3090 torum
891 3018 922 3083 et
933 3009 1099 3093 sexaginta
1118 3009 1218 3094 quin-.-

170 3134 233 3199 que
254 3104 474 3195 convictorum
495 3135 604 3186 curam
623 3113 755 3200 egerat).

254 3217 386 3305 Senatus
404 3233 510 3284 autem
527 3221 739 3307 academicus,
761 3221 954 3306 diligentiam
967 3221 1077 3286 Nostri
1093 3236 1124 3288 et
1137 3223 1217 3288 dex-

168 3332 326 3394 teritatem
346 3334 380 3393 in
401 3329 544 3393 docendo
565 3329 757 3416 intelligens,
789 3331 890 3394 noluit
912 3353 985 3392 eum
1006 3337 1137 3416 privatis
1155 3356 1218 3420 pa·

169 3437 300 3505 rictibus
320 3439 483 3525 concludi,
516 3437 585 3525 sed,
615 3439 712 3503 altero
733 3443 837 3502 statim
861 3443 998 3525 conjugii
1018 3462 1119 3527 anno,
1147 3435 1218 3531 pri-⁴

172 3570 266 3615 mum
285 3547 326 3628 ad
344 3548 513 3610 lectionem
534 3547 690 3634 Terentii,
719 3562 749 3612 et
768 3569 845 3612 mox
864 3547 903 3610 ad
920 3546 1081 3613 Ciceronis
1100 3542 1218 3616 librum

172 3655 212 3720 de
235 3653 359 3721 Officiis
387 3659 615 3741 expositionem
642 3659 801 3720 coustituit
829 3661 863 3719 in
887 3655 1078 3744 Paedngogii
1103 3663 1218 3729 acade-

174 3769 251 3830 mici
276 3763 388 3826 ordine
414 3764 540 3848 primo,
573 3779 604 3828 et
630 3763 724 3831 brevi
743 3777 927 3881 tempore
917 3764 957 3828 ad
980 3767 1071 3830 alia
1061 3787 1096 3849 m
1122 3769 1216 3841 tertio

174 3872 287 3938 ordine
305 3869 457 3934 tradenda
479 3871 631 3959 adhibuit
1274 3854 1278 3860 ⁵

259 3977 345 4046 Usus
370 3992 487 4049 eventu
512 3992 581 4058 tam
600 3981 756 4115 secundo,
786 3988 834 4062 rei
854 3947 950 4054 ctiam
970 3983 1117 4050 familiari
1136 4007 1218 4074 pro-
