2776 5124
565 423 664 491 Fana
684 424 710 489 J
712 443 830 508 uanus.
1158 429 1216 498 1⁴87

171 587 292 654 familia
318 589 453 676 suscepit
475 610 587 655 mense
605 587 708 653 Junio
728 592 806 655 anni
831 587 921 661 1675.
969 585 1009 650 In
1031 608 1120 657 novo
1140 611 1220 653 rnu-

170 721 251 766 nere
271 714 439 787 conceptae
464 697 505 765 de
524 721 558 764 se
578 699 801 782 exspectationi
817 694 907 762 facile
927 695 1083 777 satisfecit;
1112 717 1219 764 novus

170 806 213 870 ad
232 830 308 873 eunt
329 807 556 895 discipulorum
570 825 739 870 concursus
752 805 866 890 factus,
885 803 1054 869 Nobilibus
1069 811 1218 892 maxime,

169 918 227 1001 qul
246 921 279 981 in
300 916 477 981 Franconia
497 913 642 980 etmulti
661 926 693 977 et
712 913 812 999 ampli
831 924 948 1001 essent,
970 911 1054 978 filios
1074 915 1105 976 ei
1124 936 1218 977 com-

167 1023 403 1089 mandantibus.

153 1164 154 1169 ¹
252 1130 317 1197 Sed
343 1133 481 1196 triennio
510 1129 657 1196 nondum
688 1144 813 1216 exacto,
850 1129 938 1195 obitu
964 1129 1022 1197 Jo.
1041 1127 1217 1220 Mendlini,

167 1239 354 1328 grandaevi,
374 1240 565 1305 Dialecticae
580 1239 776 1326 professoris,
795 1237 1004 1305 Burckhardo
1019 1239 1106 1304 locus
1121 1239 1218 1304 factus
1273 1257 1277 1263 ·

167 1361 217 1413 est
235 1347 417 1436 Tubingae,
438 1369 501 1434 qua
519 1350 640 1438 invitus
660 1344 856 1434 discesserat,
875 1370 917 1412 ne
933 1347 1063 1416 vendita
1077 1347 1217 1434 quidem,

167 1477 268 1543 quam
292 1453 345 1520 hic
368 1455 519 1541 habebat,
557 1453 753 1518 habitatione
779 1463 811 1517 et
841 1456 933 1521 vinea
953 1454 1218 1523 Buckenlohenst.

166 1560 274 1630 Antea
303 1567 519 1643 constitutum
534 1565 645 1626 anImo
671 1583 747 1626 cum
772 1559 925 1626 habuerat
951 1566 1061 1631 venire
1086 1562 1149 1627 huc
1176 1565 1218 1629 ad

166 1670 346 1736 faciendam
365 1671 566 1739 vindemiam
582 1683 613 1734 et
627 1668 763 1733 domum
776 1669 967 1751 curandam,
993 1674 1119 1735 accessit
1131 1694 1246 1752 nnnc„

165 1781 271 1866 magis
297 1782 394 1844 etiam
421 1781 530 1843 animo
559 1775 721 1842 ambiendi
746 1799 880 1865 munus,
913 1781 1000 1865 cnjus
1028 1792 1218 1865 potestatem

164 1886 295 1953 haberet
322 1886 454 1952 Senatus
484 1883 692 1953 academicus.
739 1885 783 1951 Et
808 1886 944 1951 obtinuit
961 1889 1073 1970 etiam,
1102 1900 1137 1952 ut
1155 1888 1218 1953 sibi

165 1997 417 2060 committeretur
437 1995 546 2060 Lecti0
559 1993 755 2080 'Dialectica7
781 1995 929 2080 quamvis
948 2016 1007 2056 sex
1025 1994 1080 2060 alii
1100 1994 1218 2061 docile-

164 2107 239 2170 simi
265 2108 329 2172 viri
355 2107 421 2191 jam
446 2117 519 2168 ante
538 2101 721 2167 ambiissent
740 2105 832 2166 istam
853 2099 1061 2166 franctionem.
1107 2101 1218 2168 Rediit
1269 2100 1277 2107 ”

164 2217 272 2300 itaque
296 2226 443 2299 tempore
467 2230 568 2279 verno
589 2213 666 2276 anni
691 2208 788 2294 1578,
818 2221 848 2272 et
868 2203 973 2272 habita
992 2209 1118 2295 publica
1139 2235 1217 2276 ora-

164 2324 254 2388 tione
272 2342 333 2405 pro
355 2317 610 2383 commendanda
629 2328 697 2381 arte
711 2315 901 2398 Dialectica‚
927 2330 1069 2404 receptus
1087 2322 1121 2382 in
1138 2318 1217 2385 col.
1328 2392 1330 2396 Α

165 2428 288 2514 legium
317 2423 592 2514 philosophicum,
623 2421 739 2488 deinde
766 2426 863 2488 etiarn
889 2427 924 2489 in
945 2427 1113 2515 Senatum,
1145 2427 1219 2493 fecit

163 2539 293 2602 initium
320 2533 463 2622 publicae
489 2528 642 2598 lectionis.
677 2533 855 2620 'Occupatd
874 2536 1004 2621 antiqua
1022 2534 1121 2599 domo
1141 2558 1217 2600 cum

163 2649 367 2709 instaurasset
387 2665 457 2707 rem
476 2641 681 2731 familiarem,
711 2663 819 2708 rursus
841 2642 882 2706 ad
902 2664 978 2707 eum
997 2641 1218 2708 confluxerunt
1316 2676 1323 2687 1

165 2758 366 2821 convictores
386 2764 417 2816 ct
437 2749 581 2836 dIscipuli
600 2751 719 2837 privati
736 2770 854 2838 magno
869 2771 1018 2817 numero,
1055 2751 1218 2817 Laudatur

164 2863 202 2926 in
231 2883 269 2925 eo
297 2866 392 2924 etiarn
419 2858 564 2943 facultas,
597 2860 761 2942 perspicue
789 2879 865 2922 cum
891 2860 1018 2946 omnia,
1048 2872 1120 2923 tum
1145 2859 1217 2926 Lo·

165 2969 271 3058 gicam
291 2967 451 3048 tradendi,
471 2980 592 3030 utnon
613 2976 737 3029 tantum
757 2965 797 3030 ab
814 2967 1019 3033 adultioribus
1035 2967 1141 3056 facile,
1161 2969 1217 3033 sed

164 3099 185 3142 a
206 3074 385 3141 minoribns
404 3081 508 3139 etiam·
528 3085 559 3138 et
578 3072 732 3137 tironibus
757 3078 827 3138 sine
851 3074 1034 3139 difficultate
1059 3075 1218 3165 intellige-

165 3198 271 3272 retur,
304 3206 408 3269 neque
436 3184 604 3268 quisquam
630 3178 813 3247 auditorum
840 3195 936 3270 esset,
965 3187 1020 3270 qui
1046 3207 1122 3248 eum
1148 3207 1217 3253 non

165 3306 272 3380 posset
299 3295 448 3385 assequi..
472 3289 602 3376 Scripsit
627 3290 756 3376 quidem
778 3311 839 3377 pro
860 3291 1053 3356 auditoribus
1071 3291 1217 3356 libellum

167 3400 209 3466 de
234 3423 293 3465 usu
312 3411 553 3487 praeceptorum
573 3400 835 3487 Dialecticorum,
866 3401 922 3465 sed
941 3413 977 3464 nt
997 3402 1104 3464 ederet
1123 3402 1216 3466 illum

167 3512 345 3596 expugnari
371 3531 405 3574 se
425 3529 590 3593 nunquam
609 3529 718 3594 passus
735 3519 795 3596 est,
825 3507 912 3596 quod
928 3508 1065 3573 aliorum
1086 3513 1217 3596 majoris
1257 3565 1259 3569 ,

168 3639 268 3705 quam
287 3638 343 3682 sua
355 3608 489 3703 >semper
508 3617 639 3703 faceret,
662 3629 693 3680 et
712 3630 867 3682 metueret
886 3622 982 3682 etiam
998 3619 1089 3684 varia
1104 3621 1218 3684 vario-³

167 3749 243 3793 rum
271 3727 441 3789 hominum
469 3723 595 3809 judicia.
643 3721 754 3786 Rebus
778 3723 833 3790 ille
860 3724 1004 3812 gerendis
1024 3739 1056 3788 et
1074 3723 1217 3788 admini-

168 3834 302 3899 strandis
334 3832 415 3896 bene
450 3845 482 3896 et
515 3831 622 3896 dextre
652 3835 811 3924 promtior
840 3847 908 3898 erat
935 3844 1029 3919 atque
1056 3835 1216 3899 intentior.

170 3941 386 4035 Quantannvis
404 3953 548 4018 strenuus
563 3942 597 4004 in
613 3939 763 4006 habendis
779 3939 893 4007 scholis
909 3962 977 4006 non
993 3938 1092 4004 modo
1107 3941 1217 4028 publi-
