2776 5124
164 458 222 531 tto
286 445 363 515 Jsc.
383 445 602 530 Hminem,
628 444 748 514 l'nror.
765 465 803 511 rr
820 445 1082 515 Ctnmmaros.

164 611 399 697 Wittemberg.
430 609 556 677 scholae
581 611 746 698 theologus
773 598 1005 676 celeberrimus.
1055 609 1215 679 Emeritos

161 745 257 790 senex
276 726 501 806 interrogatus:
530 733 566 784 ut
580 741 738 786 successor
754 719 913 806 placeret?
944 720 1121 806 respondit:
1145 723 1216 809 pla-

162 845 246 899 ceret
269 835 396 916 utique,
423 831 451 894 si
473 828 574 892 modo
597 850 746 916 praesens
765 839 853 893 esset.
895 826 959 894 Sed
976 850 1145 915 nunquam
1164 830 1217 894 ille

160 961 309 1026 praesens
338 938 447 1002 factus.
493 936 629 1002 Saxonia
653 942 772 1025 patriae
792 936 885 1000 illum
905 936 1038 1002 reddere
1058 940 1218 1024 tergiver-

162 1060 244 1135 sata,
278 1059 309 1112 et
337 1049 404 1133 ipsa
429 1044 514 1109 haud
541 1046 643 1110 multo
669 1056 741 1132 post
767 1047 873 1109 amisit
894 1058 1086 1131 properante
1111 1055 1217 1109 morte

103 1167 106 1173 ’
164 1155 342 1243 abreptum.

244 1276 363 1342 Noster
382 1287 508 1362 accepta
526 1277 679 1341 missione
693 1273 911 1343 honestissIma
924 1275 1078 1362 superfuit
1093 1297 1216 1341 annum

78 1462 83 1477 x
160 1389 321 1474 integrum
342 1397 374 1450 et
393 1386 480 1471 quod
500 1392 645 1452 excurrit.

245 1507 371 1572 Solutus
391 1529 477 1573 nunc
498 1509 648 1575 omnibus
669 1511 751 1575 curis
767 1512 978 1597 negotiisque,
999 1509 1119 1596 siquid
1136 1510 1218 1574 fere-

164 1617 219 1681 bat
245 1616 416 1703 subaegre,
451 1617 552 1678 otium
582 1630 649 1682 erat
673 1632 705 1682 et
724 1633 876 1707 perpetua
900 1598 1029 1682 cessatio
1056 1640 1076 1681 a
1095 1619 1219 1705 studiis,

164 1746 223 1813 per
244 1727 376 1813 longam
395 1731 498 1795 vitam
517 1747 684 1811 nunquam
704 1750 772 1792 non
792 1739 975 1815 occupatus,
995 1741 1031 1790 ut
1043 1749 1102 1791 nec
1116 1731 1218 1792 otium

162 1838 224 1922 ipsi
250 1849 329 1900 esset
354 1840 504 1900 otiosum.
544 1833 651 1898 Nullis
675 1837 763 1898 enim
783 1833 945 1898 doloribus
966 1847 1033 1898 erat
1053 1834 1219 1922 obnoxius,

162 1964 223 2007 neo
251 1941 368 2007 morbo
398 1941 560 2006 laborabat
587 1944 648 2005 nisi
674 1955 808 2006 senecta.
862 1939 914 2004 Sic
940 1945 1041 2009 vitam
1067 1945 1219 2032 trahebat,

162 2055 215 2138 pie
239 2056 456 2138 patienterque
483 2064 644 2114 maturam
670 2051 894 2115 discessionem
915 2065 1083 2140 appetens,
1119 2055 1220 2118 donec

163 2164 286 2246 soporis
315 2167 468 2247 gravitate
488 2183 612 2246 pressus
629 2183 687 2246 per
706 2160 826 2245 aliquot
841 2160 923 2246 dies,
950 2162 1080 2226 tandem
1097 2165 1221 2250 placide

165 2279 196 2331 et
224 2273 399 2354 composite
428 2273 599 2354 exspiravit
627 2273 734 2332 aetatis
760 2290 845 2335 antro
870 2275 1101 2356 septuagesimo
1131 2294 1218 2338 nono

164 2376 230 2441 fere
259 2392 384 2464 exacto,
414 2384 581 2443 exstinctus
604 2388 640 2441 ut
664 2377 786 2462 lampas
809 2380 1015 2464 exstinguitur
1038 2379 1109 2443 oleo
1139 2379 1219 2445 defi-

169 2489 282 2566 ciente3
321 2501 517 2574 postremus,
550 2485 599 2553 his
628 2489 760 2574 quidem
784 2493 819 2553 in
848 2494 955 2577 terris,
987 2500 1071 2554 certe
1098 2492 1133 2552 in
1161 2489 1218 2555 hac

164 2592 271 2657 schola
288 2585 413 2682 unicus,
435 2620 473 2661 ex
493 2618 629 2661 numero
651 2618 781 2683 eorum,
804 2601 859 2682 qui
877 2597 1018 2660 Lutlteri
1039 2597 1219 2662 doctrinam

162 2725 200 2766 ex
221 2706 318 2788 ipsius
339 2726 395 2766 ore
417 2718 644 2793 perceperunt,
670 2710 821 2792 magistro
847 2705 933 2769 haud
952 2705 1102 2792 indignus
1123 2707 1219 2774 discl-

45 2891 48 2897 .
93 2834 104 2869 t
159 2811 269 2898 pulus,
290 2812 462 2902 nostrique
478 2819 531 2902 pia
551 2815 703 2902 gratique
723 2817 882 2879 memoria
899 2814 1111 2903 dignissimus,
