2776 5124
261 409 301 472 52
545 399 658 465 Parc.
680 397 1027 466 Marsncnrnours

256 578 412 658 verteret,
432 583 517 655 cum,
540 563 756 650 discipulusne
775 585 817 632 an
833 563 948 630 doctor
973 583 1010 626 ac
1033 559 1194 649 professor
1215 565 1308 654 prius

256 688 346 766 esset,
365 678 481 744 merito
501 676 572 760 q‘uis
591 671 791 742 dubitaverit.
838 671 920 742 Mox
946 672 1043 738 etiam
1066 673 1190 760 scriptis
1213 671 1309 740 editis

257 791 359 873 magis
377 785 482 873 coepit
498 782 713 848 inclarescere.
884 796 887 802 ⁴

339 915 488 984 Habebat
504 915 645 984 Tnouus
657 917 853 983 Ansnmuus
872 911 1024 979 BadensIs
1042 931 1109 978 non
1127 909 1309 1003 Haganoae

255 1034 381 1092 tantum
409 1023 464 1090 sed
487 1035 518 1088 et
531 1014 704 1112 Tubingae
731 1010 895 1090 officinam
922 1020 1202 1114 typographicam
1230 1021 1309 1086 huic

254 1134 388 1221 praefuit
407 1131 602 1219 aliquamdiu
620 1128 798 1221 Phffippus,
815 1140 863 1219 ut,
882 1153 962 1219 quae
982 1125 1217 1212 excuderentur,
1233 1152 1309 1196 cor-

254 1239 389 1306 rectiora
423 1239 598 1327 prodirent.
661 1241 793 1308 Grande
820 1238 899 1304 illud
925 1238 1098 1324 volumen,
1129 1232 1309 1302 Nsucmrr

259 1343 441 1410 chronicon
463 1347 593 1437 dictum,
612 1350 700 1436 quod
717 1349 835 1438 prodiit
854 1346 1089 1412 menseMartio
1105 1347 1183 1408 anni
1202 1347 1309 1430 1516,

254 1453 431 1538 plurimum
451 1454 544 1520 debet
564 1479 656 1523 curae
677 1471 708 1522 et
728 1457 907 1547 dlligentiae
925 1456 1222 1538 Mnmucnnrours,
1248 1453 1309 1541 qui

255 1559 366 1646 multa,
387 1579 467 1647 quae
486 1577 635 1650 corrupta
655 1580 767 1655 essent,
787 1564 981 1649 emendavit,
1000 1580 1194 1650 supervacua
1206 1580 1309 1646 prae-

255 1664 341 1753 cidit,
360 1669 459 1733 multa
479 1656 664 1761 complevit,
687 1675 840 1761 disjuncta
854 1670 1057 1747 inflordinem
1076 1666 1207 1754 redegit,
1228 1664 1309 1730 obs-

255 1794 331 1841 cure
352 1776 434 1841 dicta
454 1777 636 1867 declaravit,
655 1781 830 1870 effecitque,
838 1794 875 1846 ut
894 1777 974 1845 liber
992 1787 1103 1868 postea
1119 1797 1216 1862 quam
1228 1772 1308 1862 plu-

254 1886 354 1949 rimos
374 1887 605 1954 nancisceretur
623 1889 763 1955 lectores.

338 2014 465 2083 Deinde
486 2022 593 2108 etiam,
614 2044 671 2086 suo
691 2027 788 2110 ipsius
807 2016 1106 2108 nominepraefixo,
1118 2011 1308 2079 Memnon-

255 2141 340 2187 ποις
361 2128 528 2213 complura
549 2129 647 2193 edidit
667 2129 843 2218 Tubingae;
862 2141 935 2194 sunt
952 2148 1031 2196 vero
1045 2125 1124 2189 haec
1135 2144 1308 2188 raranunc

256 2233 366 2293 omnia
385 2254 445 2296 nec
466 2235 642 2325 admodum
660 2252 737 2303 nota
754 2239 1012 2327 paucissimisque
1031 2235 1113 2304 visa.

339 2389 367 2454 Is
382 2388 547 2476 Dialogus
565 2391 803 2478 mythologicns
822 2387 1073 2454 Bartholomaei
1098 2384 1312 2472 Coloniensis,

257 2492 398 2559 dulcibus
418 2500 506 2584 jocis,
534 2500 678 2584 jucundis
698 2499 813 2563 salibus
830 2499 1059 2580 concinnisque
1079 2496 1240 2560 sententiis
1253 2515 1312 2557 re-

255 2599 351 2666 fertus
371 2615 464 2689 atque
490 2604 654 2692 diligenter
681 2607 875 2670 elaboratus.
926 2604 1101 2690 Hagenoae
1132 2600 1217 2686 apud
1242 2600 1312 2671 Th.

256 2707 468 2775 Ausnnuumr
500 2736 611 2778 mense
630 2714 812 2782 Novembri
842 2717 934 2780 1516.
959 2717 990 2791 4.
1005 2708 1040 2794 *)
1090 2708 1236 2773 Praefixa
1262 2722 1313 2775 est

256 2814 331 2880 huic
350 2819 483 2884 editioni
502 2822 779 2888 Mnmucnrnours
800 2821 930 2908 epistola
949 2841 1005 2884 seu
1018 2817 1169 2904 praefatio
1183 2817 1223 2880 ad
1239 2830 1313 2882 stu-

258 2921 364 2990 diosus
381 2927 641 3016 ¹adolescentulos,
669 2934 756 3017 cujus
782 2933 908 2993 initium
939 2926 1002 2990 hoc
1032 2939 1092 2990 est:
1124 2924 1245 3013 „Venit
1273 2929 1312 2990 in

257 3056 394 3128 „manm
414 3051 536 3103 nostras
553 3038 661 3102 fabula
679 3037 767 3124 haec,
786 3049 817 3100 et
829 3036 977 3122 lepida-et
984 3033 1120 3121 elegans,
1129 3055 1224 3118 quam
1233 3035 1312 3098 cum

256 3147 382 3234 „obiter
401 3148 614 3235 perlegissem,
634 3169 675 3212 ne
696 3146 814 3210 deesset
832 3144 941 3209 studiis
961 3146 1083 3228 vestris,
1104 3145 1217 3228 optimi
1225 3142 1313 3205 ado-

258 3255 439 3342 „lescentes,
460 3260 566 3320 statim
586 3254 819 3342 chalcographis
833 3249 1068 3337 commendavi,
1087 3251 1177 3337 quod
1188 3254 1311 3338 juven-

257 3367 338 3451 „tuti
356 3365 614 3429 commodissima
634 3359 826 3434 videreturss

178 3602 181 3607 ’
292 3600 322 3671 *)
340 3605 457 3671 „Neues
469 3605 676 3678 Repertorium
696 3618 757 3663 von
773 3604 903 3660 seltener
915 3597 1051 3658 Biichertr
1069 3602 1127 3657 und
1148 3603 1309 3662 Schriften.

324 3710 378 3763 „h
392 3696 496 3752 &liele
514 3699 670 3774 Niirnberg
693 3705 764 3767 1795.
782 3703 808 3757 8.
826 3697 857 3752 S.
875 3711 918 3764 79.
952 3699 1169 3754 Bartholomaei
1187 3699 1311 3756 Coloni-

276 3857 278 3860 ·
328 3790 427 3856 „ensis
450 3791 580 3868 dialogus
603 3792 813 3866 mythologicus
827 3792 828 3796 ’
843 3791 880 3845 ad
902 3792 1087 3846 Pancratium
1117 3811 1182 3849 eum
1213 3797 1310 3867 pruef-

324 3884 426 3970 ,etit
443 3884 642 3944 Schwarzerd.
661 3887 784 3943 Cracov·
805 3888 880 3944 151⁶·
892 3885 1052 3956 ovilanoalsi
1066 3885 1107 3943 Η.
