2776 5124
162 442 221 515 184
444 429 504 500 ‚Gn
521 427 725 503 Barnaeum
743 426 916 519 Enoeruu,

161 599 294 666 Lutberi
322 610 353 669 et
379 596 583 671 Psalmorum
608 595 646 658 ab
674 617 712 658 eo
742 596 911 663 editorum.
962 595 1065 684 Puer,
1099 609 1130 665 et
1156 621 1216 664 sua

89 767 91 770 ,
160 720 285 794 sponte,
308 719 338 769 et
356 703 581 792 blandimentis
601 704 734 791 illectus,
755 711 798 768 ita
816 704 959 768 studiose
973 717 1004 768 et
1018 703 1215 791 frequenter,

162 817 245 880 festis
265 817 405 899 maxime
425 812 548 893 diebus,
570 812 666 879 libros
682 814 752 878 illos
770 815 922 901 praelegit
938 818 1159 902 recitauitque,
1180 829 1218 888 ut

162 923 254 990 brevi
277 937 307 986 et
330 927 397 1008 ipse
422 935 453 984 et
473 920 591 1010 famula
611 920 772 1006 religionis
794 927 930 1008 purioris
954 925 1055 1007 capita
1072 936 1104 986 et
1117 921 1216 993 Psal÷

161 1055 233 1096 mos
252 1036 391 1120 integros
410 1031 568 1118 memoria
588 1041 745 1115 tenerent,
773 1044 804 1096 et
817 1043 945 1120 possent
960 1029 1036 1093 fidei
1054 1034 1216 1097 rationem

161 1141 327 1226 explicare.
382 1134 467 1218 Cum
492 1148 623 1223 patruo,
653 1141 709 1223 qui
738 1137 854 1205 viduus
879 1138 976 1204 iactus
1000 1139 1156 1204 famulam
1179 1143 1216 1206 in

165 1252 351 1333 conjugium
372 1245 477 1325 duxit,
499 1241 671 1334 'postquam
690 1253 891 1334 septennium
912 1250 978 1338 fere
997 1249 1104 1336 fuisset
1122 1269 1216 1336 puer,

167 1355 207 1421 ab
224 1355 382 1431 avunculo
395 1351 621 1442 Widrnanno,
647 1356 733 1445 nune
749 1370 873 1444 pastore
887 1355 1088 1422 Creilshemii
1111 1354 1218 1441 (quod

167 1464 300 1547 videret,
320 1464 476 1544 majorem
496 1474 571 1549 natu
589 1465 656 1546 ejus
671 1464 811 1554 fratrem²
832 1465 1031 1551 Johannem,
1048 1467 1084 1529 in
1099 1462 1216 1529 mona-

165 1579 297 1659 sterium
324 1557 530 1661 Schwaraaeh
556 1569 752 1659 devenisse),
778 1587 945 1664 revocatus
967 1587 1013 1639 est
1038 1586 1069 1638 et
1089 1572 1216 1638 scholae

166 1681 310 1770 publicae
336 1680 476 1768 traditus.
522 1677 604 1743 Inde
630 1696 703 1766 post
727 1681 894 1749 biennium
918 1688 1030 1769 missus
1054 1679 1216 1769 Stuttgare

168 1795 273 1882 diam²
300 1792 356 1855 ubi
380 1805 454 1854 tune
475 1788 580 1878 schola
606 1784 686 1876 esset
708 1788 749 1852 ob
769 1792 930 1859 Wackeri
952 1797 1082 1881 virtutes
1100 1813 1215 1880 peree-

165 1901 277 1990 lebris‚
309 1913 340 1985 et
359 1898 505 1991 Johanni
528 1899 659 1961 Brentio
685 1899 926 1965 commendatus
950 1914 1007 1965 est.
1054 1899 1118 1965 Hie
1141 1907 1216 1972 ani-¹

132 2088 133 2092 ¹
167 2009 370 2093 madvertens
391 2011 482 2094 pueri
506 2006 710 2094 industriam,
740 2020 771 2070 et
791 2008 886 2072 simul
905 2013 1089 2094 patrimonii
1106 2015 1215 2076 tenni-

167 2117 282 2203 tatem‚
314 2137 454 2204 unacum
478 2113 647 2182 Wackero
676 2114 793 2200 effecit,
829 2130 866 2179 ut
894 2139 969 2180 eum
995 2119 1030 2182 in
1057 2118 1214 2187 familiam

166 2233 319 2315 reciperet
335 2226 582 2315 pharmacopola
602 2225 733 2311 aulicus,
763 2224 947 2311 duobusque
969 2226 1042 2290 filiis
1066 2231 1131 2292 suis
1153 2249 1210 2291 eo-

168 2344 280 2419 mitem
306 2360 343 2426 ae
363 2322 525 2421 custodem
550 2335 743 2423 adjungeret.
784 2332 847 2396 Hie
866 2330 1020 2420 temporis
1042 2337 1215 2425 jacturam,

166 2468 242 2531 epm
261 2458 391 2532 propter
404 2449 562 2530 privatam
577 2465 752 2539 puerorum
766 2443 1010 2530 institutionem,
1030 2456 1098 2506 tum
1111 2466 1215 2532 prop-

166 2569 215 2639 ter
234 2574 364 2643 operam
383 2541 591 2639 domesticam
605 2549 690 2632 haud
703 2571 855 2637 paucam,
876 2573 972 2637 quam
991 2573 1092 2637 aequo
1105 2550 1215 2618 animo

168 2657 306 2748 ferebat2
326 2658 549 2745 compensabat
567 2657 728 2745 diligentia
734 2705 750 2745 ,.
764 2673 800 2747 ut
813 2680 894 2745 quae
912 2656 1051 2721 interdiu
1067 2681 1136 2724 non
1152 2683 1216 2747 po-

170 2783 264 2861 terat,
285 2791 304 2832 a
320 2761 418 2853 coena
436 2780 468 2856 et
481 2769 671 2854 antelucanis
683 2766 767 2854 horis
779 2780 952 2853 perageret.
985 2764 1216 2835 Undefaetum

170 2892 230 2963 est,
258 2891 294 2965 ut
315 2881 341 2943 si
363 2875 490 2963 quando
513 2875 618 2961 demi,
646 2873 688 2956 oh
707 2879 848 2962 sopitum
868 2857 994 2961 ignem,
1019 2897 1116 2943 mane
1140 2897 1216 2944 ean.

171 2964 273 3076 delam
295 2976 466 3071 accendere
488 3005 557 3072 non
572 2997 677 3071 posset
683 3031 693 3071 t
720 2981 755 3049 in¹
772 2984 881 3070 plateis
901 2982 975 3048 blne
995 2984 1071 3049 inde
1091 2985 1218 3053 discur-

171 3082 270 3183 reret,
298 3094 400 3157 donee
421 3096 456 3157 in
478 3091 617 3179 quadam
641 3091 738 3155 domo
758 3091 880 3156 lumine
900 3107 1066 3184 conspeeto
1088 3101 1216 3184 copiam

172 3209 237 3292 ejus
255 3201 370 3290 habere
385 3197 501 3288 possets
544 3199 629 3266 Cum
646 3201 810 3289 biennium
824 3214 856 3264 et
868 3200 955 3286 quod·
968 3206 1105 3265 excurrit
1114 3203 1219 3269 Stutt-

171 3312 297 3396 gardiae
316 3305 457 3374 scholam
477 3308 909 3397 hequentasset‚‘'iuclinante
925 3330 1010 3372 anno
1031 3313 1220 3398 latapetra

170 3410 369 3508 Tubilgmt
403 3419 487 3507 Earn
510 3432 617 3503 autem
636 3415 872 3500 inacademieis
892 3437 1020 3503 quoque
1038 3418 1146 3485 studiis
1165 3421 1217 3486 di-

171 3529 335 3614 ligentiam
365 3525 522 3612 adhibuit,
549 3539 600 3610 ut,
633 3545 707 3612 eum
728 3544 814 3609 anno
841 3528 1033 3610 sexagesimo
1062 3526 1218 3614 Magister

170 3637 419 3722 renuntiaretur,
456 3639 538 3721 inter
564 3631 716 3695 tredecim
743 3629 933 3698 Candidatus
964 3633 1036 3719 (qui
1061 3654 1218 3721 ntunerus

169 3768 228 3834 pro
253 3744 432 3831 conditione
454 3747 544 3830 istius
566 3728 719 3829 temporis
737 3761 873 3828 magnus
894 3739 1019 3807 habitus
1042 3740 1118 3834 fuit)
1139 3743 1219 3826 pri]-

168 3877 255 3928 mum,
276 3854 383 3942 locum
404 3850 568 3936 obtineret,
640 3841 644 3851 ’

250 3962 295 4051 At
314 3983 401 4046 nunc
419 3958 585 4048 exhaustae
604 3971 693 4045 erant
708 3957 867 4025 facultates
881 3962 1075 4047 patrimonii.
1119 3957 1219 4051 Quae
