2776 5124
443 397 637 487 Eutronrs
680 396 927 468 Pntnrnrro.

684 637 767 691 ,μ

235 780 341 845 amo
364 777 656 866 cunnrssrmo
674 777 845 864 Arous
863 759 1158 849 nocrrssrmo

359 936 410 1020 C.
455 934 503 1018 F.
556 932 1042 1025 SCHNURRER

608 1112 636 1167 s.
674 1084 707 1166 νζ
743 1110 783 1167 n.

456 1307 458 1311 .
492 1253 537 1319 u.
557 1253 601 1321 o.
622 1251 909 1328 scurronum.
945 1197 947 1202 ’

254 1477 413 1543 Nondum
433 1468 539 1541 forsan
558 1473 635 1542 Tibi
653 1476 802 1583 innotpit,
820 1471 886 1538 Vir
902 1473 1083 1561 clarissime,
1099 1474 1224 1561 profes.

170 1591 295 1653 sionem
314 1587 512 1673 linguarum
532 1597 564 1651 et
582 1584 820 1671 Antiquitatum
838 1582 1054 1649 Orientalium
1076 1586 1111 1647 in
1131 1583 1224 1648 Aca-

170 1696 277 1762 demia
295 1695 596 1784 Lugduno-Batava
610 1695 672 1761 hoc
689 1709 835 1786 tempore
855 1715 979 1762 vacare.
1018 1690 1098 1758 Post
1114 1696 1224 1779 inopi-

147 1819 283 1878 ‚natum
303 1805 427 1870 obitum
446 1804 498 1870 ct.
518 1804 674 1894 sensnm,
701 1809 758 1896 qui
781 1804 1000 1873 Scunnrunsro
1024 1816 1223 1892 successerat,

171 1915 285 1999 collata
305 1937 342 1978 ea
361 1899 417 1980 cl(
429 1915 545 1982 Revro
564 1913 633 2000 fin,
654 1936 729 1977 cum
755 1912 933 1997 theologica
962 1913 1140 1994 conjuncta.
1189 1911 1223 1976 Is

168 2040 250 2089 vero
269 2046 373 2109 nuper
392 2023 481 2089 illam
501 2022 655 2108 deposuit,
674 2019 734 2086 hac
751 2033 887 2090 servata.
925 2018 967 2085 In
985 2019 1094 2081 locum
1101 2042 1224 2087 vacan-

168 2125 239 2195 tem
255 2132 443 2221 amplissimi
463 2129 630 2199 Curatores
656 2128 764 2192 Virum
785 2122 930 2195 sufficere
951 2131 1092 2216 cupiunt,
1118 2136 1224 2199 erudi-

170 2237 259 2300 tione
275 2237 462 2322 meritisque
482 2237 646 2314 celebrem,
669 2234 725 2319 qui
742 2256 863 2299 munus
883 2258 956 2297 cum
976 2236 1137 2322 dignitate
1151 2263 1223 2303 sus·

171 2344 300 2423 stineut,
321 2355 352 2405 et
368 2343 582 2424 Academiae,
600 2340 645 2402 ud
660 2331 846 2420 exemplum
862 2337 1150 2426 Schultensiorum
1165 2349 1223 2411 de-

164 2436 343 2512 ‘cnsnddat
361 2460 460 2534 utque
472 2447 686 2530 splendorem.
726 2443 817 2513 Inter
834 2445 914 2510 alios
928 2448 1085 2532 quosdam
1103 2451 1225 2524 doctri-

172 2575 216 2620 na
247 2568 279 2619 et
303 2560 445 2623 nominis
475 2557 561 2624 fama
591 2560 783 2643 praestantes
815 2557 903 2622 uiros
927 2577 973 2623 ne
997 2562 1140 2646 mireris,
1175 2568 1224 2626 mi

173 2661 399 2753 Scurnnnrnu,
419 2662 464 2726 Te
481 2663 686 2751 potissimum
698 2662 904 2731 curatoribus
925 2687 991 2730 esse
1012 2669 1225 2734 commenda·

173 2784 253 2837 tum.
295 2773 486 2841 Praesertim
504 2770 590 2857 apud
608 2775 694 2859 ipsos
712 2772 851 2838 multum
870 2772 1006 2842 valuisse
1025 2776 1121 2842 credo
1151 2803 1225 2842 am-

172 2883 266 2966 plum
284 2882 456 2963 judicium,
475 2873 563 2965 ‚quod
578 2881 620 2942 de
649 2879 693 2945 Te
720 2879 795 2941 tulit
816 2876 931 2944 ,beatus
965 2879 1009 2948 H.
1026 2873 1086 2960 A.
1113 2881 1225 2947 Schul.

174 2991 305 3070 tensius,
326 3000 357 3053 et
376 3011 415 3056 ex
434 2991 502 3074 ejus
521 2987 640 3075 litteris,
659 2997 732 3072 post
748 2998 888 3074 mortem
906 2990 1062 3077 inventis,
1090 3015 1226 3079 excerp·

172 3108 243 3160 tum
261 3096 413 3164 Jsroaus
433 3095 635 3163 Koummn
652 3097 786 3162 inseruit
801 3095 1060 3164 annotationibus
1077 3099 1120 3167 ad
1137 3104 1226 3187 ejus-

171 3202 247 3268 dem
267 3203 455 3270 Schulteusii
472 3203 623 3290 Elogium
644 3224 716 3291 pag.
737 3207 776 3267 85
797 3241 841 3256 —
859 3211 912 3273 87.

165 3354 168 3361 ·
228 3310 235 3325 ¹
255 3311 340 3378 Ante
358 3313 422 3381 hoc
439 3311 581 3380 triduum
597 3314 724 3398 scripsit
741 3312 854 3380 adme
873 3311 1010 3402 collegit
1027 3314 1225 3385 Curatorum

163 3417 374 3508 -Secretarius‚
391 3423 446 3486 cui
462 3440 585 3486 nomen
604 3419 644 3485 F.
661 3420 700 3489 F.
721 3420 910 3509 Hunnrcur,
942 3428 1021 3491 civis
1049 3425 1225 3518 hidensis,

169 3538 253 3598 inter
271 3533 357 3615 ipsos
376 3532 574 3615 convenisse,
600 3541 637 3596 ut
651 3527 888 3617 professionem
910 3531 1115 3599 ordinarium
1139 3533 1223 3598 Lin-

168 3659 310 3730 guurum
335 3647 367 3697 et
392 3633 638 3718 Antiquitatum
674 3633 901 3713 Orientalium,
935 3655 1074 3718 quacum
1101 3657 1223 3700 munus

166 3740 357 3823 Interpretis
374 3737 497 3823 Legati
521 3736 735 3802 Wtrnerium'
755 3740 962 3820 conjunctum
983 3749 1039 3819 est,
1073 3737 1146 3801 Tibi
1169 3741 1223 3816 ob„

168 3846 269 3910 laturi
285 3851 365 3944 sint3
386 3844 442 3910 sed
461 3850 648 3931 priusquam
666 3845 845 3931 idisenus,
874 3850 958 3932 ipsos
978 3867 1092 3932 cupere
1104 3851 1222 3911 ceruo-

160 3971 210 4015 res
225 3946 305 4037 fieri,
325 3951 376 4018 Te
395 3973 468 4018 cam
487 3947 628 4020 oblatam
648 3965 717 4022 tion
737 3974 803 4021 esse
822 3967 1054 4022 recusaturum.
