2776 5124
253 446 315 507 200
566 434 644 503 Vnt
664 434 821 502 Miirruar
839 455 984 504 ruocruu

252 599 386 669 horrore
404 603 509 669 subito
527 605 570 668 ita
590 605 730 689 graviter
747 603 904 690 pertusus,
923 614 960 666 ut
978 621 1038 667 nec
1057 602 1127 688 ipse
1145 623 1208 669 nec
1225 604 1306 672 alius

253 713 385 800 quidam
404 712 576 800 dubitaret,
601 735 640 777 ex
657 712 773 776 infecto
794 715 868 777 ae're
887 747 930 762 -
950 708 1021 775 talis
1040 707 1095 775 bic
1114 716 1201 777 etin
1222 718 1308 781 vici-

252 824 307 886 nia
331 833 402 886 tum
428 833 562 886 erat-
588 822 677 886 noxii
696 834 727 885 et
746 821 896 889 venenati
914 819 1028 884 halitus
1046 819 1167 907 aliquid
1188 841 1308 907 corpus

253 929 388 999 duxisse.
442 930 590 995 Domum
617 927 725 994 abiens
751 932 858 994 statim
886 927 1051 1014 decubuit,
1088 927 1222 995 morbus
1249 950 1307 993 seu

251 1040 303 1107 vis
322 1039 375 1102 illa
395 1039 543 1124 pestilens
563 1037 614 1122 (ut
633 1051 717 1106 certe
735 1035 921 1126 putabatur)
940 1040 984 1100 ita
1001 1038 1108 1101 statim
1124 1039 1308 1126 ingravuit,

251 1158 288 1211 ut
306 1145 546 1213 medicamentis
565 1145 776 1233 remediisque
790 1147 938 1213 omnibus
953 1144 1040 1211 haud
1055 1145 1231 1233 quidquam
1251 1171 1309 1213 ce-

253 1253 352 1321 deret.
399 1254 466 1320 Hic
493 1255 661 1341 discipulus
688 1252 789 1321 fidem
813 1277 904 1320 suam
929 1255 973 1317 ita
1000 1253 1239 1345 comprobavit,
1272 1268 1309 1329 ut

253 1360 294 1426 ab
321 1363 435 1449 optimi
461 1367 673 1450 praeceptoris
699 1363 798 1428 latere
825 1382 993 1450 nunquam
1022 1361 1210 1450 discederet,
1247 1387 1309 1429 nec

252 1471 344 1536 aliter
362 1494 397 1537 se
417 1492 516 1556 quam
537 1474 571 1536 in
592 1474 679 1539 unici
697 1474 836 1560 parentis
855 1475 905 1536 sui
925 1473 1107 1541 discrimine
1126 1473 1309 1564 afflictaret,

252 1575 355 1644 fidelis
383 1582 468 1648 servi
493 1582 606 1644 munia
633 1585 743 1646 omnia
768 1595 1005 1670 exsequeretur,
1044 1595 1247 1672 optaretque,
1282 1590 1310 1651 si

254 1682 328 1751 Deo
354 1687 522 1777 placuerit,
550 1689 659 1762 liceret
683 1691 745 1755 sibi
770 1711 904 1765 omnem
925 1693 1044 1759 veneni
1063 1697 1134 1760 vim
1152 1715 1212 1758 suo
1233 1715 1311 1759 core

196 1800 201 1810 “
253 1812 334 1878 pore
353 1798 511 1884 excipere,
541 1808 636 1883 atque
656 1800 691 1861 in
711 1819 744 1862 se
764 1803 869 1884 ipsum
889 1799 1065 1872 transferre.
1112 1799 1155 1866 Et
1174 1814 1311 1890 urgente

255 1899 341 1966 fatali
365 1902 461 1991 hora,
495 1926 569 1970 cum
587 1904 628 1968 ad
650 1908 769 1969 exitum
789 1909 898 1970 omnia
918 1921 1111 1998 spectarent,
1138 1915 1208 1997 ipse
1227 1913 1312 1976 nihil

255 2013 453 2097 contagionis
471 2026 616 2081 metuens
635 2012 677 2079 in'
689 2015 808 2089 lectum
827 2037 861 2079 se
879 2017 1051 2100 inclinare,
1075 2020 1312 2094 moribundum

254 2131 496 2205 praeceptorem
514 2127 597 2188 intra
616 2145 687 2189 suas
706 2124 796 2190 ulnas
816 2130 992 2214 suscipere,
1021 2126 1111 2201 dictis
1131 2126 1312 2194 lectissimis

255 2226 351 2292 solari
379 2241 411 2293 et
437 2228 479 2294 ad
503 2235 712 2304 constantiam
735 2231 880 2321 firmare,
912 2255 973 2298 nec
993 2247 1064 2298 ante
1085 2235 1146 2299 boc
1164 2237 1313 2301 officium

256 2333 433 2424 deponere,
472 2359 570 2425 quam
603 2341 792 2403 exanimum
823 2363 938 2427 corpus
966 2342 1105 2410 vidisset.
1156 2344 1188 2409 Ο
1215 2348 1315 2410 miri-2

257 2442 355 2511 ficam
380 2458 412 2510 et
430 2445 622 2511 laudabilem
648 2445 792 2534 discipuli
815 2453 895 2534 grati
915 2462 946 2514 et
964 2452 1102 2538 pii'erga
1121 2468 1313 2541 praecepto-

257 2574 330 2621 rem
350 2561 558 2622 constantiam
578 2569 610 2621 et
627 2553 742 2637 fidem,
769 2555 986 2642 dignissImam
1006 2573 1106 2647 certe,
1130 2564 1220 2646 cujus
1240 2584 1311 2652 npn

259 2663 426 2745 intercidat
450 2666 620 2735 memoria,
667 2662 871 2748 contagionis
896 2667 984 2735 enim
1009 2680 1112 2735 metus
1132 2672 1176 2732 ita
1197 2658 1313 2738 omnes

260 2774 410 2841 universe
427 2785 626 2862 pervaserat,
655 2786 691 2838 ut
710 2771 843 2839 Senatus
862 2773 1072 2860 academicus,
1100 2773 1208 2842 habita
1228 2760 1334 2845 deli-s.

259 2877 438 2969 beratione,
469 2881 642 2968 prudenter
666 2880 864 2947 decerneret:
897 2903 965 2955 non
991 2880 1112 2955 debere,
1124 2885 1314 2972 compellari

261 2991 491 3078 professorem,
521 2994 625 3056 immo
650 3010 731 3058 vero
754 3012 815 3055 nec
838 3010 1033 3076 quemquam
1053 2990 1168 3073 alium,
1201 3005 1237 3056 ut
1259 2993 1314 3066 lu-

263 3108 350 3190 genti
372 3103 488 3171 viduae
512 3100 753 3189 lugentibusque
773 3096 897 3163 filiabus
916 3117 983 3160 sese
1002 3094 1188 3184 adjungeret
1208 3100 1314 3166 dedu-

263 3211 357 3276 cendi
376 3233 468 3276 causa
487 3213 523 3275 in
542 3231 663 3298 pompa
681 3206 822 3292 funebri,
843 3206 917 3276 licet
935 3202 1015 3268 baec
1032 3227 1153 3292 pompa
1168 3230 1208 3273 ex
1221 3211 1314 3275 aedi-

261 3316 321 3382 bus
341 3324 473 3406 pastoris
493 3323 528 3383 in
547 3319 705 3406 templum
724 3316 889 3403 perpaucis
909 3311 1126 3386 absolveretur
1144 3302 1315 3402 gressibirs.

262 3425 353 3491 Obiit
373 3425 587 3514 Schnepffius‚
615 3429 668 3496 vir
689 3430 844 3513 optimus,
872 3441 901 3486 a.
922 3419 953 3486 d·
971 3428 989 3490 9
1006 3421 1096 3494 Nov.
1117 3430 1196 3490 anni
1214 3449 1315 3515 supra

262 3535 470 3600 millesimum
490 3538 673 3624 octogesimi
691 3538 771 3600 sexti
790 3531 919 3618 (1586).

344 3643 502 3709 Miillerus
518 3644 579 3708 hoc
595 3647 663 3729 ipso
681 3665 783 3731 anno,
804 3665 915 3710 mense
928 3641 1101 3711 Decembri
1106 3692 1119 3733 ,
1138 3668 1198 3733 pro
1213 3651 1315 3735 gradu

261 3753 296 3820 in
308 3732 487 3841 Theologia
507 3752 752 3838 disputationem
772 3774 791 3815 a
810 3773 845 3817 se
865 3755 1014 3837 scriptam
1034 3775 1092 3838 per
1108 3753 1245 3820 biduum
1260 3762 1316 3822 in-

261 3873 402 3950 tegrum,
433 3881 599 3925 asummo
627 3881 724 3924 mane
749 3858 789 3924 ad
815 3879 1000 3946 vesperam,
1033 3863 1069 3924 in
1091 3866 1234 3928 maximo
1254 3867 1317 3930 fri-

146 3985 148 3990 ·
260 3992 355 4060 gore,
382 3971 466 4050 inter
491 3968 650 4036 auditores
673 3971 872 4040 diversarum
897 3970 1066 4045 nationum
1088 3980 1120 4038 et
1138 3968 1314 4039 Sacrorum
