2776 5124
271 464 312 535 94
576 449 629 512 Dr
649 448 806 514 Jonauru
826 448 990 537 Brenno,

269 619 366 683 Anno
402 620 479 682 1525
511 617 632 702 scripsit
660 613 927 700 Oecolampadius
956 610 1099 676 Basileae
1129 610 1252 680 librum
1284 618 1325 682 de

269 731 407 815 genuina
428 723 601 793 verborum
620 722 771 810 Domini,
793 724 868 788 Hoc
888 735 934 786 est
954 719 1080 807 Corpus
1100 743 1229 811 meum,
1248 728 1326 810 jux-

268 850 301 900 ta
327 839 555 903 vetustissimos
583 843 725 896 auctores
749 835 960 919 expositione,
988 829 1163 919 professus,
1197 830 1326 919 Corpus

269 948 390 1028 tropice
416 943 535 1005 dictum
561 962 628 1004 esse
650 962 709 1027 pro
728 939 832 1027 figura
852 961 907 1004 seu
926 943 1018 1025 signo
1039 941 1199 1027 corporis,
1231 940 1327 1003 addi-

271 1050 378 1136 ditque
407 1035 582 1136 epistolam'
594 1047 635 1111 ad
660 1048 786 1113 dilectos
812 1052 848 1112 in
869 1048 996 1113 Christo
1023 1047 1135 1112 fratres
1158 1069 1217 1133 per
1242 1045 1326 1113 Sue-

270 1162 361 1224 viam
382 1156 546 1222 Christum
573 1161 816 1245 annunciantes,
846 1179 928 1243 quae
954 1178 1046 1221 suam
1065 1155 1114 1221 his
1135 1160 1325 1222 sententiam

271 1266 519 1329 commendaret.
571 1263 802 1330 Convenerunt
829 1265 928 1333 Suevi
956 1269 1193 1330 concionatores
1221 1266 1326 1333 Halae

270 1385 302 1437 et
322 1373 545 1437 deliberatione
564 1373 642 1436 facta
657 1374 861 1460 Responsum
875 1375 1088 1460 designarunt.
1129 1373 1329 1461 Scriptorem.

269 1483 349 1548 illud
382 1482 778 1569 babuitBrentium19),
813 1481 895 1547 sorte
929 1486 1038 1546 ceteris
1069 1481 1219 1546 omnibus
1249 1497 1327 1547 natu

269 1598 448 1678 minorem,
484 1605 517 1655 et
549 1593 635 1680 quod
661 1594 801 1680 plurium
831 1596 997 1655 communi
1022 1596 1155 1657 nomme
1181 1596 1325 1680 veniret,

269 1700 389 1764 dictum
407 1699 635 1788 Syngramma.
676 1702 836 1768 Privatim
856 1700 935 1763 illud
953 1703 1175 1764 transmissum
1196 1700 1238 1764 ad
1256 1700 1328 1765 Oe-

268 1809 522 1898 colampadium,
553 1812 646 1879 brevi
670 1822 743 1897 post
763 1813 857 1874 etiam
878 1813 965 1896 typis
986 1808 1154 1896 vulgatum
1174 1821 1236 1894 est,
1265 1831 1328 1895 pn-

269 1927 336 1980 tem
348 1917 536 2005 Hagenoae‚
559 1933 591 1984 at
610 1925 637 1985 si
657 1942 723 1984 non
744 1924 862 2005 inscio,
885 1931 968 1982 certe
988 1939 1056 1984 non
1078 1931 1207 1982 curante
1219 1918 1328 1982 Bren-

269 2027 327 2091 tio.
376 2026 481 2114 Aegre
507 2029 569 2093 boc
590 2050 779 2115 responsum
804 2029 877 2091 tulit
897 2026 1184 2112 Oecolampadius,
1213 2047 1329 2112 aeger-

268 2135 353 2198 rime
380 2156 417 2197 ac
444 2135 510 2201 sere
537 2137 710 2202 insolenter
736 2136 924 2224 Zwiuglius.
974 2133 1037 2199 Sed
1065 2135 1134 2201 aliis
1160 2135 1329 2220 permultis

270 2243 480 2310 vehementer
504 2246 582 2309 illud
608 2245 795 2331 probatum,
825 2266 904 2308 mox
927 2244 1024 2306 etiam
1045 2245 1227 2329 germanice
1248 2264 1330 2307 con-

270 2371 404 2417 versum
434 2375 509 2417 cum
537 2353 816 2417 commendatione
841 2353 940 2439 ipsius
963 2349 1116 2438 Lutheri,
1147 2365 1243 2438 atque
1267 2355 1330 2418 ite-

271 2477 364 2544 rum,
384 2471 416 2522 et
435 2459 570 2525 subinde
589 2461 694 2526 denuo
712 2461 845 2527 editum.

357 2618 487 2687 Abhinc
514 2627 616 2711 magis
647 2628 810 2713 magisque
837 2625 985 2706 inclaruit
1011 2626 1160 2692 Brentius
1187 2630 1330 2713 scriptis,

274 2748 349 2792 cum
379 2729 465 2817 aliis,
502 2745 573 2796 tum
601 2737 740 2798 maxime
770 2738 1007 2800 commentariis
1034 2737 1068 2800 in
1096 2732 1195 2799 libros
1224 2756 1330 2800 sacrae

273 2834 467 2923 Scripturas.
506 2839 660 2907 Prodiere
685 2845 752 2927 ejus

376 3105 601 3159 Erneuertes
636 3099 840 3159 'Andenlten
885 3107 949 3160 der
995 3107 1216 3173 Gelam-ten,
1271 3108 1331 3163 die

344 3197 408 3251 dae
432 3195 689 3251 schua'ibiscbe
707 3194 917 3269 Syagramm
939 3200 1257 3255 unterscbrieben
1277 3202 1331 3256 ha·

343 3293 425 3348 ben.
600 3294 603 3299 ’

372 3386 482 3440 Auctor
494 3381 732 3453 estAmEnde3
753 3401 818 3460 pag.
832 3399 881 3454 190
895 3383 932 3439 de
944 3402 975 3440 eo
988 3386 1042 3441 ite:
1065 3387 1127 3441 lob
1147 3389 1332 3445 selbstba·

242 3536 245 3554 Ι
342 3477 387 3532 he
417 3478 525 3533 einen
550 3477 661 3532 Briof
684 3496 750 3532 von
772 3480 893 3533 Brenn
923 3480 1114 3535 abdrulrcn
1142 3483 1267 3537 laesen
1296 3483 1331 3536 in

343 3569 421 3624 dem
450 3579 521 3650 2teu
541 3571 645 3626 Tbeil
676 3570 740 3626 der
770 3573 1025 3631 vermiechten
1060 3577 1246 3648 Beytra'ge
1276 3586 1331 3634 ete.

343 3663 487 3718 Franks.
505 3682 535 3719 u.
553 3662 669 3743 Leipa-
690 3670 764 3731 1765.
789 3665 821 3720 S.
842 3669 886 3726 83.
918 3656 921 3695 ¹

312 3770 357 3838 19)
375 3769 510 3823 Fischlini
534 3769 682 3842 supplem.
705 3789 772 3845 pag.
790 3788 819 3833 2.
852 3775 947 3828 Etiam
968 3775 1193 3847 oecolampadio
1223 3777 1330 3849 Zwing·

345 3864 443 3934 linque
465 3873 567 3931 auctor
589 3864 700 3921 babitus
718 3865 862 3921 Brentius.
888 3866 970 3937 Vid.
990 3869 1095 3940 Hele,
1123 3871 1332 3944 Lebensge·

346 3956 511 4012 sebichte
530 3958 593 4013 des
613 3959 938 4031 Oebolampadius.
972 3963 1163 4024 S.123·125.
