2776 5124
457 439 657 509 Eorroars
694 439 939 514 Paarrarro.
1183 459 1224 520 31

255 611 330 698 Ipse
347 627 428 677 vero
447 606 605 694 intelligis,
625 603 749 672 infinita
767 607 834 674 fere
855 630 939 697 esse,
964 618 1046 698 quae
1064 615 1127 682 sint
1145 615 1226 682 mibi

180 713 328 806 curanda,
349 730 390 782 'ut
409 737 486 781 cum
512 714 633 798 familia
660 718 781 782 institui
804 710 905 805 possit
931 723 1091 808 migratio.
1132 725 1227 813 Vale',

180 831 235 895 Vir
253 825 451 914 venerande,
469 828 523 890 c‘ui
540 824 613 912 plus
632 831 734 911 quam
749 825 810 890 'ulli
826 818 883 891 alii
899 848 956 892 me
976 829 1091 896 debere
1111 844 1143 897 et
1150 856 1227 899 sen-

179 943 216 1005 tio
234 951 266 1003 et
285 936 420 1026 gaudeo.
458 935 545 1000 Vale
560 946 596 999 'et
614 941 669 998 me
679 926 760 998 Tibi
767 920 850 1000 habe
859 938 1225 1012 commendatissimum.

248 1044 462 1134 Stuugardiae
479 1049 511 1112 'a
530 1042 563 1109 o.
579 1031 705 1109 -XXVI
722 1040 812 1131 Aug.
830 1046 929 1112 utus.

568 1209 642 1224 rea-w«.
670 1213 677 1220 -
700 1213 706 1219 -

243 1325 289 1415 bn
306 1349 349 1412 eo
365 1327 475 1433 itaque
492 1345 545 1410 'res
565 1339 644 1434 erat,
662 1341 700 1410 tr't
717 1331 889 1433 frigescens
908 1357 940 1410 et
966 1344 1025 1412 sibi
1045 1350 1107 1437 ipsi
1126 1351 1224 1416 nimis

172 1455 324 1524 sufficiens
344 1452 547 1542 quonmdam
567 1457 691 1519 incuria
709 1437 1018 1541 Wiit'tembergensi
1032 1465 1151 1544 patriae
1166 1484 1225 1526 ex.

172 1581 286 1635 torrem
313 1565 435 1630 fecisset
452 1561 575 1627 Virum
602 1560 677 1627 huic
700 1567 779 1628 sane
798 1561 1048 1651 dedifissImum,
1076 1588 1094 1630 a
1115 1568 1225 1634 multis

171 1677 239 1742 inde
259 1673 353 1742 aunis
369 1687 508 1760 utroque
526 1675 563 1738 in
580 1675 717 1738 munere
734 1662 922 1760 'gravissimo
941 1677 1063 1760 optime
1083 1674 1124 1738 de
1149 1697 1224 1740 aca-
1287 1702 1288 1706 ¹
1305 1683 1308 1688 '

172 1776 271 1850 demia
287 1794 383 1869 atque
394 1781 579 1848 educatione
588 1781 746 1867 juvenum
756 1779 1040 1846 ecclesiastioomun
1057 1785 1223 1870 meritum,

170 1897 300 1981 scriptis,
319 1892 417 1981 fama,
436 1888 635 1978 amplissimo
653 1887 830 1954 litterarum
848 1891 1043 1955 commercio
1056 1890 1223 1954 oumdoc-

171 2005 293 2068 tissImis
327 1999 503 2087 quibusque
530 2000 579 2063 sui
607 1999 733 2086 generis
764 2000 879 2063 exteris
918 2002 1244 2085 conjunctissimum.-

170 2110 345 2199 Dispiicere
365 2112 521 2175 nimirum
541 2105 699 2194 aliquibus
716 2118 842 2193 poterat
863 2103 1089 2194 Schnurrerus,
1109 2105 1224 2193 quibus

169 2240 231 2285 uon
248 2219 342 2305 facile
362 2216 491 2305 arridet,
509 2238 546 2282 re
565 2237 645 2284 vera
664 2211 845 2281 officiosum
864 2237 992 2304 semper
1015 2218 1112 2284 fixisse
1136 2241 1222 2307 eum,

169 2350 262 2414 quem
280 2325 433 2394 humilius
452 2324 677 2411 obsequiosum
695 2337 770 2392 ante
788 2325 902 2392 limina
919 2347 977 2395 sua
990 2326 1101 2396 videre
1112 2327 1223 2392 malu-

168 2441 271 2504 issent.

247 2544 290 2612 Se
316 2545 479 2634 patriaque
508 2527 654 2632 digniora
680 2555 874 2630 statuerunt,
902 2542 1021 2630 'quibus
1050 2565 1089 2609 ex
1116 2544 1221 2611 altiori

168 2654 292 2741 specula
306 2655 424 2720 honori
443 2666 475 2718 et
493 2656 565 2718 usui
582 2654 710 2740 publico
730 2652 894 2718 consulere
914 2653 1024 2717 datum
1039 2665 1116 2721 erat.
1157 2653 1219 2718 Iu-

167 2763 342 2829 tercedebat
359 2802 403 2816 -
421 2762 547 2828 laudate
572 2764 691 2848 posteri
712 2799 756 2813 -
774 2761 878 2848 Ipsius
896 2761 996 2824 Ducis
1013 2758 1219 2844 serenissima

165 2862 327 2961 Maiestas,
345 2856 456 2939 litteris
476 2893 533 2937 sua
551 2878 652 2938 manu
672 2863 759 2936 huno
776 2873 813 2937 in
833 2868 970 2937 modum
989 2867 1085 2936 datis:

620 3258 862 3327 Hobeuheim,
880 3257 911 3314 d.
934 3261 975 3319 16.
988 3258 1070 3336 Sept·
1089 3257 1164 3328 1795.

245 3442 355 3511 Mein
403 3443 529 3513 lieber
571 3447 787 3524 Professor
833 3449 916 3518 und
959 3449 1143 3540 Ephorus
1169 3441 1221 3509 M·

160 3551 408 3622 Schnurreri
472 3556 529 3621 Ich
559 3557 638 3644 gebe
670 3559 775 3625 Ihnen
806 3561 866 3624 auf
898 3561 965 3626 Ihr
1001 3553 1221 3626 Schreibeu

160 3680 258 3726 vom
287 3671 384 3729 20ten
411 3664 585 3752 August,
613 3671 749 3733 worin
776 3667 842 3733 Sie
871 3668 1022 3756 bitten,
1052 3664 1122 3731 auf
1146 3664 1222 3731 den

159 3764 368 3835 abermals
397 3772 642 3865 e‘rhaltenen
661 3774 748 3840 Rus
768 3777 870 3842 nach
890 3775 1043 3841 Leiden
1069 3771 1153 3840 sich
1178 3776 1220 3838 in

160 3874 384 3944 wirkliohe
403 3877 803 3970 Unterhandlungen
825 3886 1029 3950 eiulassen
1054 3904 1100 3947 zu
1128 3876 1222 3947 diir-

160 3983 241 4069 fen,
260 3983 406 4074 gn‘adigst
423 4009 463 4052 zu
482 3988 660 4079 erkennen‚
681 3991 749 4059 dass
777 3992 858 4058 Mir
886 3993 974 4061 ihre
1008 3991 1219 4082 vorziigli-
