2776 5124
179 445 237 504 172
459 435 676 506 Professores
697 437 928 505 Onrnrrtnuu

83 644 87 665 ,
175 603 294 690 „leeto‚
324 602 376 668 cui
395 600 557 687 Augustus
577 625 666 669 meus
684 601 765 689 (dux
784 601 1039 689 Brunsuicensis)
1060 614 1101 672 30
1121 609 1215 676 flore-

171 733 270 797 „nos,
293 709 418 797 produn
439 708 649 796 Geizigkoller
669 719 723 798 10,
748 708 803 774 alii
822 711 901 777 alios
920 733 980 803 pro
1000 712 1136 782 fortunis
1155 725 1215 784 suis

170 833 224 906 „et
244 820 439 883 humanitate
459 817 650 886 contulere“.

253 927 473 991 Professorum
504 927 639 993 alterum
666 930 760 995 fuisse
786 927 1002 994 Balthasarem
1027 929 1214 1016 Raithium,

171 1057 239 1102 non
263 1047 310 1099 est
335 1033 422 1120 quod
441 1032 626 1102 dubitemus
668 1039 806 1125 „Fuerat
824 1039 869 1121 is,
897 1050 975 1100 teste
994 1037 1162 1122 Pregizero
1182 1041 1216 1104 in

170 1144 286 1209 Suevia
313 1157 345 1206 et
366 1143 624 1231 Wirtembergia
643 1145 738 1212 Sacra
759 1169 832 1233 pag.
848 1151 929 1228 249,
965 1156 1036 1230 post
1059 1143 1215 1208 funestam

171 1251 294 1316 cladem
319 1247 605 1336 N't'rrdlingensem,
637 1258 732 1319 totius
751 1253 906 1340 Stipendii
932 1266 1026 1338 caput
1052 1258 1144 1339 quasi
1162 1277 1214 1317 re-

169 1362 454 1448 praesentativum,
497 1381 594 1444 quem
623 1380 699 1424 cum·
733 1363 862 1425 caeteris
900 1359 1038 1446 (septem
1062 1362 1213 1445 numero)

171 1464 467 1555 Superattendeutes
482 1465 635 1551 Stipendii
653 1469 760 1532 multis
773 1468 919 1554 precibus
934 1489 1025 1532 orare
1041 1466 1214 1532 debuerunt

169 1592 201 1642 et
225 1581 282 1644 vix
304 1595 436 1640 exorare
458 1586 644 1662 potuerunt,
671 1586 707 1639 ut
731 1588 914 1662 manerent,
942 1596 1001 1640 nec
1021 1577 1212 1661 stipendium

168 1699 357 1753 evacuatum
386 1684 555 1749 Monachis
582 1695 614 1749 et
641 1682 821 1751 sacrificulis
848 1680 1026 1748 cederent“.
1083 1684 1213 1772 Postea,

170 1792 324 1881 stipendii
344 1795 496 1880 tantisper
514 1782 646 1858 restituit
659 1795 819 1879 Repetens
838 1791 954 1878 iactus,
973 1791 1140 1856 orientales
1160 1793 1213 1856 lit-

167 1916 250 1968 teras
275 1910 310 1967 in
337 1925 376 1968 eo
403 1916 579 1967 restaurare
600 1914 755 1988 coeperat.
805 1898 902 1963 Nunc
926 1921 1025 1979 vero,
1052 1921 1127 1964 cum
1148 1904 1214 1988 jam

168 2013 335 2075 diaconatu
354 2009 550 2096 Tubingensi
568 2008 766 2097 fungeretur,
787 2008 915 2074 lectioni
933 2008 1087 2075 hebraeae
1105 2014 1213 2095 priua-

170 2123 244 2203 tim,
265 2125 300 2184 in
320 2141 394 2184 usus
412 2124 552 2183 maxime
569 2118 774 2181 alumnorum
789 2120 939 2205 principis
953 2117 1135 2207 habendae,
1155 2122 1213 2186 ad·

166 2229 284 2294 hibitus
302 2241 357 2290 est.
400 2223 563 2290 Privatim
584 2247 710 2312 quoque
724 2238 833 2310 postea
846 2227 965 2290 litteras
978 2226 1129 2293 hebraeas
1144 2244 1212 2295 tra-

166 2337 245 2403 didit
261 2334 440 2398 Matthaeus
457 2331 641 2398 Esenwein.
682 2333 862 2399 Matthaeus
878 2335 1064 2422 Esenwein,
1084 2337 1212 2404 theolo-

122 2473 125 2486 ·
167 2449 229 2532 gici
249 2441 403 2528 Stipendii
423 2441 595 2526 Repetens,
626 2443 681 2526 qui
703 2438 856 2506 hebraeae
880 2442 1008 2530 linguae
1033 2467 1127 2512 causa
1145 2448 1211 2512 Ba-

163 2555 290 2638 sileam,
322 2549 363 2612 ad
376 2548 433 2613 Jo.
453 2545 672 2630 Buxtorfium,
705 2553 814 2635 magni
835 2563 909 2614 tunc
931 2557 1070 2618 nominis
1091 2559 1212 2643 virum,

166 2667 281 2727 missus
300 2671 347 2723 est
365 2678 453 2720 anno
475 2661 571 2736 1648,
604 2671 636 2721 et
661 2661 882 2747 postmodum,
915 2660 1065 2726 diaconus
1083 2662 1212 2728 Tubin-

167 2772 270 2857 gensis
290 2767 404 2852 facttu,
425 2786 492 2829 non
511 2766 609 2830 modo
625 2767 841 2854 Horologium
861 2767 965 2832 denuo
979 2770 1093 2854 edidit,
1114 2794 1132 2832 a
1148 2769 1212 2836 Su-

164 2875 339 2965 perioribus
365 2878 481 2960 jussus,
511 2859 568 2938 sed
595 2887 627 2937 et
652 2877 800 2960 opuscula
820 2874 1000 2942 Schickardi
1018 2878 1210 2967 philologica

160 2989 297 3072 junctim
323 2982 415 3046 edere
442 2995 576 3067 quatuor
606 2989 700 3048 tomis
726 3005 834 3047 secum
854 2990 1061 3048 constituerat.
1111 2987 1211 3051 Anti-

114 3164 117 3170 ,
162 3099 248 3158 stites
262 3089 388 3168 scholae
401 3103 527 3154 nostrae
540 3089 723 3176 litterariae,
744 3096 866 3155 etiamsi
880 3092 955 3157 inde
969 3092 1009 3155 ab
1026 3115 1111 3157 anno
1129 3087 1211 3165 1646

163 3205 313 3288 principis
339 3203 472 3263 nomine
498 3199 631 3263 subinde
655 3204 794 3286 graviter
819 3204 1025 3263 excitarentur
1045 3201 1084 3264 ad
1101 3205 1212 3287 publi-

164 3332 236 3373 eum
257 3308 397 3393 aliquem
420 3305 509 3371 hebr.
529 3306 705 3374 litterarum
724 3309 937 3396 professorem
956 3310 1212 3376 constituendum

130 3486 132 3491 .
163 3414 442 3501 atquealendum,
468 3413 556 3499 quod
574 3439 612 3480 ea
632 3439 698 3503 res,
717 3430 752 3481 ut
771 3422 806 3482 in
821 3418 931 3482 litteris
951 3417 1107 3502 Principis
1128 3418 1213 3482 dici-

160 3537 230 3608 tur,
254 3520 295 3584 ad
310 3521 566 3605 promovendam
586 3525 722 3590 solidam
741 3525 898 3589 librorum
918 3546 1081 3589 sacrorum
1096 3533 1212 3612 cogui-

160 3634 283 3694 tionem
307 3641 386 3692 esset
408 3650 535 3694 summe
553 3637 742 3716 necessaria3
770 3646 895 3719 tamen,
924 3632 1011 3720 quod
1029 3631 1064 3698 hi
1082 3656 1212 3723 semper

160 3747 330 3823 negarent,
360 3756 452 3822 posse
482 3759 533 3824 se,
564 3744 626 3805 nisi
652 3741 787 3806 meliore
813 3740 885 3806 loco
913 3753 1015 3806 essent
1040 3763 1090 3806 res
1116 3765 1210 3832 suae,

160 3847 241 3914 novi
264 3843 449 3932 professoris
467 3848 623 3933 stipendio
648 3847 844 3935 providere,
864 3861 1059 3934 protractum
1080 3863 1127 3916 est
1147 3873 1211 3914 ne-

160 3955 282 4041 gotium
303 3953 344 4016 ad
362 3975 484 4020 anunm
508 3960 813 4045 nsque.1652,.quo
833 3955 963 4021 tandem
981 3954 1128 4051 Raitltio,
1151 3961 1209 4044 qui
