2776 5124
304 435 372 482 ouu
390 412 612 480 Pammacars
632 430 772 477 auarus
804 406 1058 477 Corsraurruor.
1157 415 1214 474 123

164 600 243 648 rum
263 577 361 643 abfuit
379 583 457 664 quio
480 577 733 663 indignationem
752 586 900 644 moveret
918 573 1133 660 Patriarchae,
1161 596 1217 637 su-

164 690 314 778 spicantis
328 687 477 777 Satyram
497 709 576 773 esse,
600 686 632 750 h.
647 709 674 754 e.
694 682 910 749 hortationem
928 682 969 746 ad
990 704 1105 748 munus
1121 704 1217 768 pera·
1320 759 1325 764 .

159 795 309 884 gendum
337 800 444 860 minus
476 794 690 880 indiligenter.
745 793 921 877 Deinceps,
959 813 1034 854 cum
1066 791 1216 855 suadente

163 903 337 970 Gerlachio
364 902 517 969 mittenda
545 914 625 967 esset
650 900 829 987 Confessio,
862 921 929 963 uon
957 911 1024 963 erat
1048 899 1217 984 Tubingae

154 1016 224 1101 -qui
250 1013 454 1101 Augustanae
478 1011 690 1077 Confessionis
722 1016 851 1096 'graecae
880 1008 1062 1093 exemplum
1088 1007 1218 1071 haberet

164 1135 294 1208 praeter
318 1145 422 1186 unum
439 1122 465 1186 J
466 1128 530 1189 uris
546 1125 723 1188 Doctorem
734 1132 777 1204 ‚et
798 1119 1036 1183 Institutionum
1055 1119 1217 1204 professo-

164 1252 239 1296 rem
252 1229 423 1293 Andream
437 1229 641 1307 Lachmann
662 1252 757 1295 suum
768 1233 825 1315 qui
834 1227 1096 1296 subministravit.
1126 1227 1217 1290 Haec
1324 1278 1327 1282 .

166 1351 260 1404 erant
277 1341 324 1400 rei
342 1339 497 1422 principia
516 1350 547 1401 et
563 1340 715 1405 instituta.

253 1445 481 1531 Progrediente
494 1457 617 1532 autem,
636 1461 761 1536 praeter
776 1450 979 1536 opinionem,
998 1448 1143 1533 negotio,
1163 1447 1217 1509 in-

168 1567 296 1642 tegrum
324 1552 409 1616 haud
433 1566 500 1617 erat
519 1553 691 1642 Theologis
711 1580 769 1621 sno
790 1580 884 1623 sensu
904 1562 950 1620 uti
970 1570 1002 1621 et
1022 1557 1138 1639 coeptis
1159 1553 1218 1616 de-

169 1667 288 1728 sistere.
340 1661 560 1727 Iutercedebat
585 1665 686 1730 Ducis
711 1670 895 1751 auctoritas,
928 1667 1014 1749 cujus
1041 1661 1157 1747 judicio
1187 1670 1219 1722 et
1271 1677 1273 1680 ⁴

168 1775 335 1843 voluntate
361 1770 528 1858 gerebatur
551 1796 603 1839 res
625 1777 748 1861 omnis,
777 1796 846 1839 non
871 1776 939 1838 sine
960 1771 1097 1858 quadam
1121 1771 1217 1853 ipsius

170 1880 387 1946 delectatione.
424 1876 536 1967 Certe,
554 1886 648 1946 tertio
660 1883 862 1949 Patriarchae
880 1903 1033 1968 responso
1054 1879 1140 1965 quod
1158 1901 1218 1964 op-

169 1996 311 2080 positum
327 2002 373 2056 est
386 1995 554 2078 scriptum,
574 1991 701 2076 (mense
715 1993 797 2058 Dec.
810 1996 887 2056 anni
905 1992 1088 2076 octogesImi
1105 1990 1218 2073 primi)

171 2103 324 2168 novimus
351 2097 496 2182 (Crusius
518 2100 580 2164 Ms.
600 2101 667 2164 XX
690 2101 767 2165 aof.
789 2122 861 2186 pag.
884 2099 961 2182 509)
989 2120 1057 2162 non
1081 2100 1142 2160 nisi
1161 2099 1217 2178 ju·

172 2208 265 2271 beate
280 2205 429 2292 Principe
447 2210 581 2270 missum
601 2229 683 2292 esse,
704 2230 900 2295 quamquam
916 2211 972 2274 vix
986 2207 1117 2270 dubium
1132 2207 1219 2269 n'unc

172 2325 255 2401 erat,
286 2336 354 2379 non
373 2312 453 2376 illud
472 2337 511 2378 eo
531 2337 593 2400 quo
613 2316 760 2382 tendebat
779 2331 1009 2406 perventurum
1042 2314 1220 2399 (constabat

171 2427 276 2510 enirn,
302 2422 450 2486 Viennae
468 2444 633 2488 remoram
651 2428 771 2495 habere
787 2449 876 2492 nunc
894 2448 976 2512 quae
994 2427 1218 2507 mitterentur).

172 2530 235 2598 Sed
255 2531 382 2595 nolebat
401 2532 478 2596 Dux
493 2555 564 2626 ,non
584 2538 687 2621 regeri
707 2535 881 2620 quidquam
901 2531 1113 2599 patriarchae.

254 2639 325 2726 Ego
350 2661 431 2706 vero
456 2652 635 2728 temperare
658 2643 739 2706 mihi
759 2665 826 2707 non
850 2665 998 2729 possum,
1029 2644 1220 2726 quominus

171 2770 267 2836 aegre
294 2747 411 2835 feram,
443 2769 512 2812 non
538 2772 632 2814 usum
660 2774 728 2816 esse
753 2751 960 2837 Gerlachium
988 2754 1220 2835 opportunitate

172 2855 521 2944 Constantinopolitano
542 2858 604 2922 alio
626 2863 775 2946 consilio,
794 2860 835 2923 ad
854 2860 1006 2922 arabicos
1026 2858 1142 2920 litteras
1162 2877 1221 2918 co-

170 2964 291 3029 lendas.
339 2964 524 3028 Inciderunt
543 2970 578 3033 in
597 2968 678 3033 hanc
698 2974 802 3056 ipsam
822 2979 954 3030 aetatem
975 2968 1072 3050 prImi
1091 2977 1220 3029 conatus

171 3074 208 3138 in
228 3070 413 3136 occidentali
426 3072 557 3157 Europa
572 3078 746 3161 occupandi
763 3076 825 3139 hoc
840 3075 1015 3138 litterarum
1031 3094 1146 3157 genus,
1166 3077 1221 3136 in-

171 3179 366 3247 terBatavos
375 3183 485 3265 magni
493 3179 662 3270 Scaligeri,
672 3199 703 3248 et
711 3182 938 3268 Ropbeleugii,
957 3186 991 3243 in
1001 3180 1105 3245 Gallia
1114 3181 1221 3245 dsaaci

176 3285 378 3380 casauboni,
413 3291 448 3350 in
470 3285 586 3372 Anglia
607 3288 786 3371 Bedwelli5
821 3313 881 3354 nec
907 3295 942 3355 in
964 3291 1138 3356 Germania
1162 3292 1222 3357 de-

173 3408 278 3480 erant,
313 3397 368 3478 qui
388 3393 457 3457 illas
477 3408 650 3480 captarent3
683 3401 719 3461 in
741 3401 810 3483 ipso
831 3397 1008 3461 Palatinatu
1029 3399 1121 3463 nobis
1141 3423 1222 3485 pro-

172 3506 262 3566 ximo
282 3514 398 3566 tentata
418 3524 467 3566 res
486 3526 554 3568 non
573 3504 690 3593 absque
711 3520 836 3574 eventu.
880 3507 926 3569 At
945 3506 1111 3593 Tubingae
1134 3508 1222 3571 nulla

172 3622 244 3673 tum
265 3610 303 3673 de
326 3632 361 3672 ea
377 3615 532 3694 cogitatio.
573 3611 703 3698 Scripsit
717 3612 901 3678 Gerlachius
918 3616 958 3678 ad
975 3615 1222 3680 Heerbrandum

175 3718 453 3803 Constantinopoli
474 3725 516 3782 26
536 3719 624 3787 Nov.
649 3723 738 3786 1575.
779 3722 960 3809 „Linguam
981 3725 1149 3787 Tmcicam
1169 3725 1222 3790 vel

175 3827 348 3892 Arabicam
376 3827 495 3892 discere
519 3850 588 3892 non
606 3840 713 3915 vacat,
744 3852 804 3893 nec
827 3830 956 3896 fidelem
974 3832 1140 3897 hominem
1160 3831 1222 3899 ha-

174 3936 250 4002 bere
267 3933 425 4023 possem“.
453 3935 817 4023 (CrustusMs.xXaoe
824 3962 896 4028 pag.
909 3940 994 4027 123).
1026 3941 1116 4006 Haec
1128 3939 1192 4011 ille·¹
