2776 5124
310 509 312 513 ,
401 425 836 517 ·W1uurruusScarcrrtuu.
883 430 890 437 ’
1082 443 1138 504 165

100 607 204 670 decim
225 627 399 690 annorum,
424 603 610 669 turbulentis
629 607 695 669 istis
713 600 924 689 temporibus,
945 613 993 667 tot
1012 613 1139 688 tamque

97 716 261 801 praeclara
280 717 397 802 ingenii
416 716 465 778 sui
483 725 690 777 monumenta
710 715 745 776 in
764 712 867 774 lucem
888 690 981 775 edere
994 715 1140 796 potuisse.

98 823 200 887 Erant
227 844 306 890 vero
333 825 429 886 etiam
454 821 514 883 aha
541 819 659 906 multa,
690 841 770 905 quae
793 819 848 884 vel
875 817 1061 883 adumbrata
1087 817 1140 883 vel

96 942 223 995 tantum
250 950 318 993 non
346 927 483 1015 perfecta
511 931 652 1004 moriens
678 938 750 1012 post
778 948 811 990 se
840 925 974 1013 reliquit.
1028 924 1140 990 Veluti

95 1051 264 1104 tractatum
290 1038 330 1102 de
348 1035 506 1125 Synedrio
530 1033 665 1099 hebraeo
691 1039 843 1102 novimus
864 1038 899 1099 in
919 1035 1038 1100 schedis
1059 1034 1138 1103 deli-

96 1161 228 1214 neatum
246 1148 356 1233 fuisse,
383 1158 419 1209 ut
438 1166 506 1210 non
525 1144 662 1208 multum
681 1163 812 1229 operae,
841 1141 896 1206 sed
916 1144 1020 1207 solum
1039 1164 1138 1206 orna-

96 1269 169 1319 tum
197 1257 409 1342 requisivisset
440 1252 581 1337 (Brief
602 1274 649 1316 an
674 1252 876 1336 Bilfinger
899 1249 928 1312 d.
956 1249 986 1313 d.
1011 1258 1028 1316 7
1053 1248 1138 1335 Sept.

100 1365 208 1449 1627).
256 1365 298 1430 Et
322 1360 531 1429 Schichardus
556 1362 624 1445 ipse
648 1361 770 1444 scripsit
799 1356 842 1440 (a.
857 1355 888 1420 d.
909 1357 1019 1423 auec.
1043 1355 1139 1439 1634)

95 1472 314 1560 Bemeggero:
339 1472 492 1560 „Miseret
510 1491 565 1532 me
582 1481 629 1531 tot
648 1480 819 1530 conatuum
835 1487 998 1551 meorum,
1022 1477 1068 1528 tot
1084 1470 1138 1532 vi-

94 1582 263 1667 gilatarum
294 1583 450 1664 noctium,
489 1589 537 1640 tot
563 1575 851 1662 semiperfectarum
882 1576 1137 1639 meditationum:

94 1709 157 1752 nec
190 1688 292 1751 habeo
324 1690 406 1749 inter
435 1684 618 1769 discipulos,
656 1689 706 1748 cui
736 1683 940 1770 posthumam
967 1683 1138 1748 edit10nem

93 1793 223 1858 credere
252 1790 404 1881 possim“.
452 1791 567 1858 Scribit
598 1793 734 1878 quidem¹
753 1789 931 1856 Morhofius
966 1791 1139 1876 (Polyhist.

94 1903 213 1983 Em.
233 1924 305 1989 pag.
321 1907 400 1982 542:
434 1901 521 1966 Gurl.
538 1900 743 1966 Schickardus
761 1903 871 1986 magni
886 1903 1041 1985 nominis,
1063 1919 1138 1962 cum

94 2015 239 2096 viveret,
258 2011 332 2092 firit5
352 2013 481 2095 majoris
500 2032 578 2077 vero
596 2009 680 2095 apud
696 2023 817 2081 exteros
823 2053 835 2093 ,
855 2027 951 2093 quam
964 2007 1047 2092 apud
1064 2026 1137 2069 suos

94 2119 297 2207 populares),
338 2117 561 2182 bibliothecam
585 2116 771 2184 Schickardi
798 2128 829 2182 et
860 2128 943 2178 msta
969 2116 1138 2201 posthuma

94 2250 115 2291 a
131 2229 222 2314 Rege
236 2227 361 2301 Galliae
382 2248 455 2290 aere
478 2248 536 2290 suo
560 2228 717 2313 redemta,
746 2231 911 2314 regiaeque
931 2222 1138 2289 bibliothecae

94 2336 201 2399 addit-a
220 2336 328 2400 luisse:
364 2333 419 2398 sed
433 2337 539 2397 minus
555 2347 707 2399 accurate.
739 2335 867 2398 Etenim
885 2333 971 2420 quod
989 2357 1028 2398 ex
1045 2333 1138 2398 Stru-

94 2447 144 2505 vii
161 2443 248 2506 Actis
268 2442 422 2515 litterariis
441 2440 641 2528 intelllgitur,
659 2439 846 2526 Abulfcdce
857 2441 1055 2527 geographia
1071 2440 1138 2504 sola

95 2565 157 2632 est,
180 2572 278 2636 quam
294 2572 313 2611 a
329 2547 449 2612 Nostro
466 2571 504 2611 ex
520 2547 627 2612 codice
642 2548 767 2612 arabico
774 2548 952 2613 Viennensi
965 2552 1138 2632 transcrip-
1247 2572 1254 2581 ·

93 2676 164 2724 tam
183 2671 214 2721 et
233 2657 435 2738 tumultuaria
450 2659 596 2724 versione
611 2656 708 2720 latina
722 2661 921 2744 instructam,
945 2662 1048 2744 regiae
1063 2655 1139 2720 bih-

93 2767 248 2830 liothecae
270 2787 331 2853 pro
351 2767 451 2851 pretio
472 2763 663 2828 admodum
683 2763 859 2830 honorifico
882 2769 1032 2828 concessit
1053 2765 1139 2827 Ma·
1224 2796 1226 2800 v

92 2894 179 2958 gnus
199 2856 424 2948 Herenthcler,
445 2875 500 2956 qui
519 2872 661 2937 codicem
680 2894 699 2936 a
715 2873 801 2936 Luca
815 2871 1020 2958 Schickard0‚
1042 2868 1140 2937 Wil-

93 2977 195 3042 helmi
220 2968 315 3041 fratre
342 2962 496 3062 germano
521 2984 632 3066 unico,
660 2995 828 3068 acceperat.
868 2981 972 3067 Atque
995 2959 1139 3042 adhunc

94 3093 200 3171 ipsum
225 3106 292 3154 nou
318 3085 442 3172 dubito,
473 3091 550 3171 quin
574 3086 745 3152 hereditate
771 3090 929 3154 transierit
953 3086 1140 3152 bibliotheca

93 3193 199 3257 ti'atris
216 3191 290 3257 c'um
311 3192 423 3257 chartis
437 3194 578 3280 reliquis:
605 3217 683 3261 nam
695 3195 827 3261 Senatus
841 3196 1012 3260 academici
1030 3207 1141 3258 aucto-

95 3304 187 3365 ritate
213 3297 374 3364 decretum
399 3315 482 3387 erat,
509 3301 731 3369 bibliothecam
756 3326 831 3373 cum
853 3308 1067 3394 instrumentis
1087 3323 1140 3366 as-

93 3407 288 3473 servandam
304 3431 370 3473 csse
386 3405 694 3501 obsignandamque,
714 3436 812 3499 usque
828 3412 869 3476 ad
885 3414 1020 3477 reditiun
1033 3411 1140 3476 Lucae

92 3506 218 3600 fratris,
245 3520 300 3602 qui
323 3530 392 3584 tum
417 3524 453 3584 in
474 3519 579 3585 Gallia
597 3536 679 3606 erat,
705 3526 855 3608 principis
873 3519 1141 3607 Wirtembergici
1168 3563 1170 3567 -

94 3628 253 3710 magister.
295 3623 467 3711 Speidelius
483 3627 594 3717 refertJ
613 3635 767 3716 accepisse
782 3652 816 3695 se
831 3652 849 3693 a
864 3636 1030 3717 quopiam,
1047 3630 1141 3716 plura

94 3746 177 3795 msta
202 3733 241 3796 ab
261 3733 378 3798 Lansio
404 3734 444 3798 ab
470 3740 598 3802 interitu
624 3738 887 3825 vindicaturum,
919 3752 950 3803 et
968 3738 1139 3832 inuihlio-

95 3837 186 3903 theca
211 3841 348 3927 quadarn
374 3842 562 3914 delitescere.
612 3845 727 3911 Latent
752 3869 789 3911 ea
810 3850 939 3914 sortasse
960 3845 1139 3910 adhucdum

95 3945 213 4029 alicubi
228 3949 370 4038 neglecta
393 3964 488 4037 atque
513 3956 638 4042 ignota,
668 3953 850 4042 dignissima
872 3971 968 4043 certe,
999 3977 1078 4041 quae
1097 3951 1138 4016 ad
