2776 5124
163 410 183 468 6
446 398 653 471 Eutronrs
689 399 943 472 Pnnnrnrto.

161 566 362 635 stantioribus
381 570 559 653 artiumque
579 564 757 630 liberalium
777 569 898 633 auxiliis
918 588 1006 635 sacra
1019 591 1075 636 sua
1083 573 1211 660 sapien-

162 691 210 743 ter
229 679 367 745 ornavit.
405 674 494 767 Quid
515 686 623 738 autem
641 675 750 739 oculus
772 678 925 764 principis
944 677 1100 767 favorque
1112 687 1147 746 In
1157 683 1212 747 lit-

79 821 82 826 ·
161 800 242 854 teras
261 800 292 853 et
311 800 393 853 artes
412 785 616 850 humaniores
635 807 704 851 non
722 781 825 848 officii
845 786 951 871 solius,
971 787 1027 852 sed
1055 793 1156 854 animi
1182 803 1214 855 et

163 894 374 963 delectationis
395 915 486 959 causa
504 893 638 959 ditectus
658 894 772 981 valeat,
797 892 971 959 Academia
989 895 1045 960 illa
1066 899 1212 986 ostendit,

162 1026 243 1092 quae
259 984 413 1071 'militaris
433 1003 524 1091 dicta,
544 1004 664 1069 civitati
682 1024 811 1089 quoque
834 1017 866 1068 et
884 1006 1056 1071 universae
1079 1006 1213 1094 reipub-

162 1115 241 1180 licae
272 1136 341 1180 non
365 1135 484 1201 paucos
505 1102 590 1178 ultra
616 1111 788 1176 modulum
817 1112 983 1177 adsuetum
1007 1128 1214 1242 praeparatos

162 1223 333 1311 emittebat,
354 1222 445 1287 aulae
463 1224 524 1308 ipsi
538 1243 671 1287 *sensum
689 1221 792 1309 pulcri
809 1233 843 1285 ot
864 1226 982 1310 egregii
999 1223 1213 1290 honorificum

161 1332 356 1400 instillatum.
404 1330 470 1396 Eos
493 1333 579 1416 'ipsos
607 1352 686 1397 vero
711 1351 912 1417 progressus,
945 1343 1028 1395 nutu
1061 1336 1214 1422 principis

164 1441 262 1506 veluti
281 1441 355 1504 solis
373 1438 469 1516 radiis
488 1437 570 1501 fotos
589 1442 797 1522 nutritosque,
819 1438 928 1501 ¹schola
947 1439 999 1503 illa
1016 1443 1054 1502 in
1075 1462 1132 1504 suo
1151 1466 1213 1530 ge-

162 1571 239 1617 nere
252 1554 351 1613 ·unica
371 1549 493 1614 arbitris
511 1547 653 1611 'futruam
672 1543 843 1608 cultiorum
862 1547 982 1611 citium
995 1546 1213 1615 etfelicitatem

163 1672 195 1722 et
213 1659 350 1748 gloriam
369 1657 499 1724 sordido
519 1678 598 1720 auro
619 1658 774 1720 cariorem
784 1651 972 1719 habentibus
986 1649 1213 1742 atqueeminus

161 1768 420 1858 prospicientibus
446 1789 514 1832 non
542 1764 613 1831 >sola
646 1761 880 1848 comprobavit.
932 1764 1061 1828 Vocem
1089 1772 1213 1831 summi

162 1880 362 1963 magistratus
390 1887 422 1939 et
450 1876 539 1960 quasi
564 1892 713 1957 praesens
737 1872 834 1955 ipsius
860 1891 984 1932 numen
1008 1873 1111 1935 multo
1129 1875 1213 1961 plus,

163 2007 262 2071 quarn
281 1988 431 2049 emissae
448 1981 584 2066 collegio
602 1984 685 2065 jussa
705 1992 736 2044 et
753 1988 930 2065 praecepta,
945 1975 1074 2042 efficere
1092 1993 1123 2042 et
1136 1987 1212 2045 uni-

163 2095 295 2158 versitas
318 2092 494 2156 litterarum
517 2088 751 2174 Tubtngensts,
784 2100 816 2152 et
847 2091 1010 2152 seminarii
1042 2089 1212 2178 theologici

160 2199 328 2287 Ephorus,
360 2189 595 2266 seducamus
613 2203 698 2285 ipse,
721 2197 795 2261 licet
810 2178 887 2264 'non
910 2211 1037 2286 praeter
1054 2200 1212 2267 invidiam

162 2309 270 2373 multis
287 2307 395 2372 modis
415 2305 675 2394 experiebantur,
692 2327 770 2368 cum
796 2305 949 2373 Cinorus
972 2307 1058 2371 Dux
1085 2312 1212 2396 animos

162 2429 200 2505 et
213 2416 394 2481 docentium
412 2427 444 2480 ct
464 2415 652 2479 discentium
679 2419 840 2500 majestate
867 2414 1069 2501 adspectabili
1095 2431 1211 2503 motos,

162 2508 339 2590 urbanitate
358 2545 415 2589 sua
443 2523 624 2588 denndcere
650 2537 899 2611 promptamque
925 2523 1211 2592 voluntatem->sibi

162 2633 359 2699 humanitate
378 2635 494 2698 comite
513 2630 675 2701 devIncire
693 2647 826 2698 amaret.

246 2739 369 2805 Notitia
390 2739 429 2803 de
449 2736 637 2803 Sanscritico
654 2737 738 2803 libro
758 2737 974 2824 Hitopadisha
993 2742 1089 2803 etiam
1110 2740 1151 2803 ad
1169 2742 1212 2804 11-

163 2849 359 2915 lustrandam
377 2848 543 2913 historiam
551 2845 743 2910 Eunxnlnm
760 2845 870 2930 primi,
891 2847 973 2908 inter
986 2845 1093 2911 Duces
1100 2847 1212 2914 Wiir-
1277 2863 1280 2869 ’

164 2957 356 3046 tembergiae
372 2957 643 3043 praestantissimi,
662 2956 807 3040 pertinet.
861 2951 954 3042 Quae
981 2955 1104 3042 reliqua
1129 2971 1213 3044 sunt,

164 3065 274 3130 locum
303 3087 399 3136 suum
422 3064 486 3132 sibi
508 3065 580 3131 sinc
600 3060 812 3148 explicatione
830 3059 1005 3148 vindicant,
1021 3074 1152 3152 putem,
1176 3080 1214 3130 ct

140 3173 349 3241 defendunt.
832 3245 834 3247 .

179 3354 182 3363 ,
240 3281 311 3348 'Sed
330 3285 365 3348 in
382 3285 577 3348 memoriam
595 3281 670 3347 Viri
689 3283 880 3369 gravissimi,
901 3279 1213 3366 quialiorumbono-

162 3366 241 3458 ‘ium
257 3395 435 3455 ¹memoriae
452 3394 506 3478 pie
524 3390 711 3456 recolendae
728 3390 966 3482 tantumstudii
990 3402 1021 3455 et
1038 3391 1214 3456 solicitudi-

59 3508 61 3512 ’
166 3500 217 3564 nis
236 3496 450 3584 impendebat,
467 3497 573 3582 aliqua
591 3498 704 3576 saltem
722 3499 905 3583 adservare,
925 3495 1022 3561 officii
1041 3502 1136 3562 etiam
1157 3504 1212 3567 vi-

168 3604 259 3672 detur
278 3625 344 3669 esse
359 3615 532 3691 grataeque
549 3609 665 3671 mentis
684 3608 851 3691 justissima
870 3603 1066 3692 significatio.
1106 3606 1213 3672 Audi-

101 3721 103 3726 '
167 3733 259 3779 amus
278 3716 494 3799 potissimum,
517 3735 630 3800 quae,¹
648 3735 766 3778 munus
784 3713 968 3800 professoris
979 3715 1142 3803 aditurus,
1171 3715 1212 3780 de

153 3823 280 3907 'initiis‚·
291 3819 377 3885 unde
395 3819 550 3884 totus‘ille
568 3825 653 3888 vitae
671 3821 779 3885 multIs
795 3813 958 3907 proficuae
973 3819 1106 3909 habitus,
1125 3823 1211 3888 unde

167 3933 368 4016 potissimum
387 3951 463 3994 cum
481 3929 658 3996 eruditione
676 3951 783 4001 mores
803 3932 865 3996 viri
891 3928 976 4014 apud
1001 3942 1123 3994 exteros
1142 3952 1210 3996 non

164 4089 273 4159 Ἀ(
