2776 5124
256 419 319 480 208
626 406 680 475 Dr
698 407 939 489 mmmmm,

257 583 352 649 tionis
367 579 483 646 addere
499 577 663 668 praecipit,
684 571 820 642 eandem
836 575 950 660 ipram,
964 564 1228 659 comitumue,
1244 591 1317 641 sen.

258 695 392 756 tentiam
411 669 588 755 exhibeant.

246 841 259 867 s
341 800 478 866 Verum·
492 796 568 864 inde
586 814 654 862 non
674 795 877 882 consequitur
894 793 957 858 nisi
976 790 1055 877 hoc,
1087 788 1143 857 vel
1162 812 1241 856 eum
1262 794 1318 878 qui

205 951 209 962 =
259 909 382 977 curavit
401 906 592 992 editionem,
607 903 666 973 vel
680 902 765 970 adeo
785 897 1027 991 typographum
1042 897 1165 986 solnm,
1184 920 1226 964 ex
1242 919 1321 965 suo-

258 1030 327 1085 met
345 1018 476 1106 ingenio
495 1014 529 1082 id
545 1015 661 1109 egisse,
687 1025 724 1077 ut
740 1011 870 1101 aliquod
886 1009 1108 1077 observantiae
1120 1026 1322 1072 monumen-

258 1141 331 1194 tum
356 1126 565 1212 conspiceret,
584 1123 626 1207 ,εἰ
648 1120 768 1187 llbrum
792 1121 882 1208 quasi
907 1138 965 1183 suo
985 1117 1113 1183 nomini
1131 1117 1321 1202 inscriptum

261 1244 466 1323 cognosceret
484 1226 697 1296 Eberhardus
737 1228 851 1314 Ipsum
870 1240 979 1292 autem
997 1247 1054 1292 sua
1071 1216 1169 1313 operti
1182 1223 1321 1298 latinum

261 1363 446 1408 sermonem
470 1337 674 1405 transfudisse
692 1338 728 1400 in
747 1335 978 1423 vernaculum,
1005 1347 1036 1400 et
1057 1354 1177 1403 verum·
1193 1336 1322 1402 versio-

177 1440 182 1448 ’
260 1453 312 1516 nis
338 1459 500 1513 auctorem
526 1444 710 1511 habendum
735 1465 819 1530 esse,
849 1443 939 1510 nulla
963 1446 1087 1509 ratione
1107 1443 1321 1529 consequitur.

344 1558 388 1623 Et
420 1569 494 1622 sunt
525 1566 711 1644 argumenta
739 1555 775 1618 in
798 1565 949 1640 promtu,
986 1573 1068 1640 quae
1102 1549 1322 1616 demonstrant

167 1696 172 1709 1
262 1667 470 1731 contrarium.

345 1775 497 1839 Primum
517 1773 594 1840 hoc:
622 1773 710 1862 quod
730 1775 758 1839 si
778 1772 832 1842 vel
854 1771 1006 1842 voluisset
1018 1768 1224 1838 Eberhardus
1243 1790 1322 1838 ver-

263 1882 392 1967 sionem
410 1886 477 1969 ipse
498 1880 670 1971 conficere,
693 1881 874 1948 facultatem
894 1883 941 1947 rei
957 1877 1169 1967 perficienda'e
1185 1876 1323 1945 habebat

262 1992 397 2058 nullam.
437 1991 516 2054 Erat
533 1992 638 2078 enim,
656 1991 744 2056 nulla
759 2013 816 2055 sua
831 1991 932 2077 culpa,
952 1989 1041 2054 latini
1053 1992 1212 2056 sermonis
1227 1988 1323 2076 plane

262 2100 360 2166 rudis.
401 2097 502 2190 Quod
522 2098 639 2186 quide
661 2118 701 2163 eo
722 2097 898 2186 quidquam
918 2099 1093 2163 memoriae
1113 2098 1322 2185 tradiderunt,

265 2218 385 2272 norunt
414 2219 446 2270 et
466 2207 599 2294 professi
618 2221 692 2272 suut
711 2229 834 2273 omnes.
876 2205 944 2298 Qui
962 2229 1045 2272 unus
1065 2219 1112 2272 est
1129 2209 1231 2272 instar
1250 2228 1324 2272 om-

201 2297 204 2303 *
263 2320 372 2402 nium,
408 2314 574 2378 iohannes
601 2313 802 2397 Nomionis,
838 2336 935 2401 quem
954 2318 1110 2403 pueritiae
1132 2320 1324 2404 magistmm

149 2501 157 2514 ι
264 2422 375 2488 habuit
392 2419 609 2508 Eberhardus,
641 2433 673 2485 et
692 2442 750 2507 per
770 2441 904 2490 omnem
926 2428 1029 2494 vitam
1049 2425 1146 2489 coluit
1165 2427 1324 2491 amantis·

265 2533 365 2617 sime,
398 2527 577 2594 Nauclerus
604 2530 754 2616 inquam,
786 2547 943 2620 superstes
970 2533 1140 2620 discipulo,
1170 2529 1325 2600 Chronici

264 2641 315 2704 sui
332 2638 405 2701 loco
427 2658 466 2700 eo
487 2656 552 2721 quo
571 2634 696 2699 obitum
711 2635 811 2705 DucIs
830 2656 1079 2732 commemorat,
1105 2643 1156 2711 bis
1171 2665 1254 2732 quae
1269 2667 1325 2713 re·

265 2747 390 2812 citanda
410 2746 561 2815 videntur
581 2745 688 2814 verbis
708 2767 783 2813 usus
803 2763 865 2818 est:

291 2855 391 2945 „Erat
410 2876 491 2941 puer
509 2853 627 2919 indolis
642 2857 793 2943 eximiae,
817 2856 871 2918 cni
884 2878 944 2944 ego
957 2859 1085 2942 primas
1106 2860 1234 2925 litteras
1252 2871 1324 2924 tra-

325 2963 405 3024 dens
421 2959 605 3044 prohibitus
623 2981 711 3048 sum,
731 2982 773 3024 ne
792 2983 866 3027 enm
880 2965 1042 3030 Latinum
1052 2953 1224 3052 fircerem,
1243 2966 1323 3029 sutis

329 3087 397 3132 esse
413 3065 597 3132 ducentibus
616 3064 815 3153 (tutoribus),
834 3069 864 3132 si
882 3070 1095 3133 vernaculum
1115 3071 1264 3156 linguam
1282 3074 1324 3136 Ie-

325 3195 403 3261 gere
423 3172 583 3235 didicisset
601 3182 634 3234 et
653 3174 812 3256 scribere3
840 3175 927 3261 quod
947 3175 1017 3262 ille,
1044 3179 1097 3246 vir
1116 3177 1232 3265 factus,
1252 3181 1325 3245 tulit

329 3279 559 3345 molestissime.
603 3275 752 3344 Studium
776 3282 883 3368 itaque
901 3305 1012 3372 suum,
1030 3260 1136 3377 prdut
1153 3285 1325 3373 ingenium

323 3387 465 3455 habehat
490 3386 616 3474 nobile,
645 3409 724 3450 mox
751 3387 904 3478 absolvit,
932 3414 996 3479 quo
1021 3380 1149 3480 peracto
1174 3415 1217 3458 ne
1241 3395 1324 3459 nihil

331 3508 454 3585 ageret,
473 3494 591 3562 lusibus
604 3507 698 3582 atquc
712 3495 866 3586 lasciviis,
888 3500 929 3565 ad
946 3524 1027 3589 quae
1040 3525 1143 3591 prona
1156 3515 1203 3568 est
1216 3507 1324 3569 omnis

331 3619 432 3692 aetas,
460 3625 494 3670 se
515 3599 699 3669 immersit“
720 3643 763 3658 -
788 3619 920 3675 caetera.
949 3648 993 3664 -·
1021 3611 1088 3698 „At
1102 3623 1174 3700 post
1192 3611 1325 3678 ductam

330 3734 468 3776 uxorem
486 3714 522 3778 in
542 3713 678 3779 alterum
698 3728 837 3784 mutatus
856 3730 902 3782 est
921 3721 1046 3807 virum,
1072 3731 1109 3784 ut
1123 3721 1205 3785 sleut
1219 3725 1323 3807 priori

332 3836 432 3890 aetate
449 3846 546 3889 nemo
566 3824 623 3888 illo
645 3825 831 3890 insolentior
850 3825 925 3914 fuit,
949 3828 993 3890 ita
1010 3825 1098 3895 virili
1114 3839 1190 3914 toga
1208 3827 1323 3894 induto

332 3955 430 4003 nemo
448 3937 624 4024 castigatior
640 3955 676 4000 ac
691 3937 831 4005 severior
845 3939 995 4006 inventus
1010 3947 1066 4003 est.
1082 3973 1125 3989 -
1143 3935 1260 4002 Factus
1277 3949 1324 4004 est

1185 4045 1286 4111 simul
