2776 5124
171 444 229 519 tlt
493 447 900 538 uenustissimus,

166 610 419 699 qualemcunque
458 615 598 701 speciem
640 616 790 712 pristinae
832 612 1017 702 disciplinae
1053 620 1226 715 referrent,

165 746 284 811 nempe
299 723 447 808 Scholas,
468 728 503 789 in
523 723 650 811 quibus,
669 727 826 810 juvenum
842 721 947 788 dicam
964 747 1007 791 an
1020 739 1224 814 puerorum?

165 847 295 898 coetum
315 833 356 897 ad
377 833 581 898 ecclesiastica
600 831 703 897 studia
722 846 887 921 pararent,
906 834 1033 902 Abbate
1048 841 1224 909 moderan-

85 977 88 982 ·
165 957 214 1028 te,
237 942 306 1006 bini
325 955 555 1029 praeceptores.
595 940 708 1027 Itaque
731 961 816 1006 anno
836 946 944 1009 aetatis
965 944 1091 1012 decimo
1112 955 1223 1036 quinto

165 1051 312 1118 nondum
333 1051 473 1139 expleto,
500 1056 536 1115 in
555 1053 787 1117 monasterium
804 1047 909 1119 Sanct.
926 1051 1150 1142 Georgianum
1169 1083 1224 1125 re-

165 1175 273 1248 ceptus
292 1172 356 1249 est,
381 1173 427 1247 et,
455 1158 580 1224 decImo
600 1180 711 1224 mense
730 1162 786 1225 vix
806 1157 851 1223 ibi
871 1160 1033 1252 absoluto,
1055 1180 1222 1251 promotus

164 1274 200 1336 in
218 1273 416 1356 superiorem
433 1267 576 1333 scholam
595 1268 866 1356 Hirsaugiensem.
1024 1281 1026 1284 ’

248 1377 315 1442 Hic
336 1377 414 1441 dum
432 1392 627 1466 versaretur,
649 1399 709 1464 pro
729 1399 822 1442 more
840 1380 929 1446 istius
945 1383 1099 1468 temporis
1116 1405 1136 1449 a
1151 1383 1221 1451 Tu-

164 1491 309 1577 bingensi
328 1486 473 1574 Collegio
489 1487 717 1574 Philosophiae
737 1499 768 1552 et
783 1487 916 1553 Artium
936 1489 977 1554 ad
992 1489 1140 1558 Examen
1159 1515 1221 1562 vo-

165 1613 251 1663 catus
271 1618 346 1661 cum
367 1599 496 1661 caeteris
518 1596 801 1684 commilitonibus,
829 1596 955 1684 publice
975 1613 1145 1667 exornatus
1165 1601 1221 1668 fuit

164 1707 287 1773 Laurea
314 1709 430 1792 prima.
473 1705 610 1772 Biennio
636 1720 725 1793 post,
747 1722 838 1771 'anno
864 1713 1096 1794 septuagesImo
1118 1730 1220 1798 nono,

163 1818 199 1882 in
215 1815 417 1904 Stipendium
436 1827 582 1880 nostrum
601 1815 814 1903 theologicum
830 1814 1015 1904 translatus,
1038 1817 1143 1882 studia
1157 1840 1220 1908 sua,

162 1927 286 2016 linguas
319 1936 350 1990 et
386 1937 468 1990 artes
504 1928 651 1993 tractavit
686 1934 753 1988 tam
785 1935 911 1990 strenue
943 1923 1153 2014 feliciterque,
1188 1936 1221 1990 ut

164 2059 282 2124 quum,
302 2031 450 2100 nondum
470 2041 578 2096 exacto
598 2031 651 2095 hic
669 2023 816 2120 biennio,
842 2032 999 2119 Magister
1014 2036 1221 2100 renunciare-

162 2161 231 2235 tur,
252 2143 426 2210 secundum
443 2147 525 2209 inter
541 2141 774 2206 commilitones
790 2141 901 2207 locum
917 2140 1133 2205 obtineret-
1151 2143 1222 2228 pri-

164 2278 253 2319 mam
273 2274 331 2318 suo
350 2254 420 2338 jure
441 2249 613 2337 occupabat
631 2249 727 2314 Vitus
742 2249 880 2331 Miiller,
899 2248 1037 2313 famulus
1056 2247 1223 2337 Stipendii

162 2361 222 2428 Ille
247 2374 372 2447 praeter
390 2358 545 2446 Logicam
564 2379 632 2424 non
650 2357 762 2422 latinas
786 2368 912 2421 tantum
935 2356 1054 2420 litteras
1075 2359 1222 2444 inprimIs

163 2468 262 2533 coluit
291 2480 322 2532 et
350 2489 493 2555 graecas,
527 2467 583 2533 sed
608 2465 789 2530 hebraicam
815 2485 942 2550 quoque
969 2474 1001 2528 et
1028 2463 1222 2529 chaldaicam

161 2577 308 2665 linguam
335 2571 404 2642 sibi'
424 2575 562 2669 reddidit
588 2573 794 2639 familiarem:
836 2571 1065 2637 Mathematica
1094 2594 1222 2660 quoque

162 2688 312 2755 tractavit
338 2706 413 2749 cum
437 2707 556 2772 magno
580 2705 742 2767 successu3
775 2697 806 2750 et
824 2682 993 2747 laudantur
1011 2683 1221 2749 instnunenta

161 2793 202 2860 ab
222 2797 292 2883 ipso
313 2796 432 2882 partim
452 2792 624 2879 delineata,
644 2795 762 2878 partim
782 2813 910 2878 quoque
929 2789 1108 2856 fabrefacta.

247 2901 300 2970 Sic
328 2902 445 2967 eximie
473 2912 677 2988 praeparatus
705 2902 833 2965 accessit
862 2898 903 2964 ad
929 2895 1127 2986 Theologiae
1152 2909 1219 2966 stu-

162 3011 272 3098 dium,
299 3012 335 3076 in
362 3030 427 3097 quo
457 3029 555 3096 quam
582 3007 727 3096 religiose
752 3019 895 3076 versatus
920 3009 961 3072 sit
986 3019 1018 3071 et
1037 3005 1218 3095 diligenter,

101 3165 103 3170 =
162 3133 286 3186 constat
309 3116 375 3184 fide
396 3117 640 3206 commilitonis,
670 3119 851 3205 gravissimi
871 3117 952 3203 viri,
980 3117 1036 3202 qui
1053 3118 1145 3189 testis,
1159 3127 1218 3203 est,

161 3249 291 3295 summo
308 3248 420 3315 mane,
440 3229 623 3314 saepissime
642 3247 770 3314 quoque
789 3239 862 3292 ante
881 3230 1010 3315 signum
1030 3225 1158 3313 datum,
1177 3226 1218 3291 il-

149 3337 233 3433 ,lum
256 3337 338 3402 lecto
366 3337 548 3425 excessisse,
578 3338 640 3421 piis
659 3336 804 3424 precibus
824 3336 912 3400 factis
931 3333 972 3398 ad
990 3333 1094 3399 studia
1112 3356 1219 3401 acces-

163 3449 256 3532 sisse,
274 3442 324 3509 his
344 3443 423 3509 adeo
443 3444 613 3510 inhaesisse
632 3449 801 3533 tenaciter,
821 3456 856 3509 ut
876 3463 945 3510 non
963 3463 1038 3508 raro
1051 3465 1110 3528 per
1126 3463 1217 3508 com-

159 3553 267 3640 plures
286 3550 381 3617 boras
400 3556 565 3619 continuas
579 3575 621 3619 ne
636 3554 735 3621 semel
752 3555 883 3644 quIdem
903 3576 1049 3621 amensa
1065 3566 1215 3643 surgeret,

161 3673 194 3725 et
218 3664 420 3747 respirationi
446 3662 571 3750 spatioli
591 3663 767 3751 quidquam
792 3664 993 3731 concederet:
1022 3666 1058 3730 in
1080 3664 1215 3728 multam

161 3788 289 3855 quoque
324 3782 451 3834 noctem
486 3785 523 3836 ut
553 3771 747 3859 plurimum,
789 3773 1009 3840 lucubrantem
1043 3773 1213 3862 desedisse,

162 3875 265 3940 donec
291 3880 416 3964 spiritus
441 3884 557 3965 ipsum¹
573 3903 675 3970 prope
696 3881 857 3969 deficeret,
892 3894 926 3948 et
944 3880 1111 3948 exhaustae
1130 3888 1213 3952 vires

160 3985 290 4052 tandem
312 3992 412 4056 noctis
432 4002 556 4076 partem
575 3989 717 4079 aliquam
737 3989 946 4082 perbrevem,
974 4009 1090 4060 somno
1111 4004 1142 4056 et
1161 4013 1213 4056 re-

1046 4101 1174 4168 fectioni
1240 4138 1243 4147 ·
