2776 5124
438 416 637 486 Eunoen
677 411 922 484 Penuria.
1166 429 1209 490 25
1236 458 1241 466 ,

245 585 375 652 Deinde
392 584 576 672 provectior
599 592 684 645 auae
701 615 745 632 -
763 604 887 649 anuum
914 583 1003 647 enim
1029 607 1093 672 ugo
1120 587 1211 670 quin.

165 693 384 782 quagesimnm
404 693 534 755 tertium
548 728 589 741 -
607 703 640 754 et
649 687 799 757 vaiemdo
813 713 1016 779 nequaquam
1028 691 1210 758 firmissima

165 803 246 887 facit,
262 817 300 869 ut
319 801 499 872 verendum
518 803 570 888 sit,
587 800 643 869 vel
660 813 782 865 mutato
802 799 892 864 coelo
911 804 1002 865 citius
1013 823 1052 864 ex
1064 806 1131 869 vita
1143 803 1209 866 dia·

166 914 290 999 cedam,
307 931 408 1001 quam
425 915 568 979 muneris
585 913 684 1001 ipsius
703 920 735 974 et
753 907 892 975 familiae
911 912 1009 977 etiam
1027 933 1119 977 meae
1130 914 1211 977 ratio

165 1023 252 1090 ferat.

246 1129 417 1199 Accedunt
434 1131 590 1197 nonnulla
608 1128 670 1194 alia
680 1174 692 1216 ‚
714 1127 770 1194 sed
789 1128 930 1215 leviora,
956 1127 1056 1194 veluti
1075 1131 1134 1194 iter
1154 1129 1216 1196 hoe

165 1261 250 1306 anno
269 1241 327 1308 vix
347 1238 539 1326 expeditum,
558 1258 595 1302 ac
614 1258 657 1303 na
675 1249 781 1303 tntum
800 1236 930 1324 quIdem
953 1238 1115 1320 futurum3
1141 1238 1216 1302 bib-

166 1349 301 1415 liotheca
321 1347 362 1413 ad
380 1345 653 1415 transvehendum
679 1349 777 1414 nimis
803 1349 893 1416 varia
918 1358 950 1415 et
974 1346 1124 1436 molesta,
1155 1369 1216 1414 nec

164 1473 271 1526 tamen
294 1455 356 1526 hoc
374 1469 519 1545 tempore
539 1444 660 1544 absque'
676 1453 842 1546 dispendio
862 1457 911 1520 rei
924 1454 1087 1524 familiaris
1098 1455 1217 1528 diven-

164 1566 276 1636 denda.

246 1677 348 1768 Igitur
366 1676 549 1763 consultius,
568 1687 663 1762 atque
681 1698 726 1742 ea:
744 1693 816 1740 meo
835 1695 931 1737 consu
946 1675 1065 1755 justius
1077 1678 1216 1761 uidetur,

166 1798 198 1851 ut
217 1797 394 1870 temperem
413 1782 504 1864 miti,
533 1793 633 1868 atque
654 1806 708 1846 me
729 1782 912 1846 contineam
938 1805 960 1845 a
981 1804 1069 1846 noua
1089 1787 1216 1870 patria,

167 1893 247 1959 mihi
267 1891 397 1979 quidem
415 1911 476 1957 nec
495 1893 657 1978 incognita
674 1910 736 1957 nec
753 1895 888 1978 ingrata,
908 1888 1022 1955 dehinc
1034 1912 1113 1958 vero
1122 1898 1216 1956 etiam

167 2004 338 2087 carissima,
360 2013 396 2066 ut
409 2023 490 2089 quae
508 1999 726 2067 conditionem
738 1998 821 2064 mihi
831 1997 969 2086 offerret,
989 2000 1126 2090 qualem,
1136 2025 1219 2089 quae

168 2133 220 2177 me
240 2121 424 2176 nascentem
445 2110 567 2195 excepit
584 2111 697 2196 patria,
717 2111 814 2173 etiam
833 2112 861 2172 si
879 2107 968 2195 velit,
987 2129 1029 2173 ne
1036 2115 1134 2196 possit
1143 2117 1218 2198 qui-

168 2219 242 2286 dem
260 2217 408 2285 tribuere.
449 2219 563 2302 Aegre
577 2214 716 2300 quidem,
740 2224 776 2276 ut
796 2236 910 2277 verum
928 2215 1047 2296 dicem,
1071 2240 1123 2281 me
1144 2242 1218 2283 coa·

169 2329 264 2406 tineo,
290 2348 350 2393 nec
372 2336 483 2396 tumen
507 2320 627 2386 invitus
647 2302 684 2383 'id
696 2314 806 2408 sacia,
835 2319 922 2411 quod
934 2320 1083 2406 probitas
1103 2325 1217 2389 enodet

169 2445 264 2521 atque
281 2430 459 2498 honesta

249 2539 300 2605 Te
320 2560 411 2628 vero,
429 2536 613 2605 uenerande
638 2535 844 2623 schroedere,
870 2535 1009 2605 obtestor
1034 2550 1129 2626 atque
1153 2538 1216 2605 ob-

167 2669 264 2738 tectu,
283 2660 319 2713 ut
337 2647 600 2734 spectatissimum
619 2645 849 2712 Huunncnruu
869 2669 943 2712 mco
962 2649 1096 2713 nomine
1112 2669 1218 2738 roges,
1269 2674 1272 2680 ·

168 2758 247 2829 velit
275 2755 473 2842 amplissimo
500 2753 695 2825 curatorum
722 2753 829 2821 ordini
854 2753 1040 2844 aptificare,
1066 2740 1228 2847 Ipsorum·

166 2867 422 2935 benevolentiam
450 2886 505 2932 me
530 2885 746 2950 peromnem
773 2868 875 2933 vitam
900 2870 1078 2954 gratissimo
1106 2869 1217 2935 animo

166 2999 234 3044 ease
260 2988 500 3067 veneratumm,
520 2988 553 3039 et
577 2996 744 3067 uunquam
772 2996 840 3044 uon
858 2997 928 3064 ¹pro
953 2974 1167 3040 incolumitate
1186 2985 1218 3044 et

166 3087 302 3153 civitatis
321 3096 353 3151 et
372 3084 552 3150 academiae
571 3082 891 3172 Lugduno-Batavae
910 3095 987 3152 vota
1012 3093 1213 3173 nuncupatu-

165 3217 252 3260 mm.
291 3192 321 3258 F
321 3197 384 3259 arit
403 3194 503 3279 Deus,
523 3193 610 3281 quod
627 3192 785 3261 facturum
802 3196 909 3278 ipsum
928 3188 1112 3281 praevideo,
1131 3205 1167 3255 ut
1181 3197 1217 3266 in

165 3302 357 3371 Schultensii
375 3302 586 3394 Scheidiique,
603 3305 766 3394 utriusque
785 3298 866 3368 mihi
892 3302 1090 3396 amemini,
1108 3302 1217 3374 locum

166 3412 322 3500 succedat,
343 3415 400 3498 qui
416 3435 472 3477 me
491 3424 523 3477 et
542 3410 668 3498 dignior
687 3413 728 3476 sit
746 3423 778 3476 et
797 3404 987 3477 diuturnior.

251 3521 353 3605 Vale,
380 3533 412 3585 et
437 3522 499 3586 nisi
517 3503 617 3605 grave
643 3519 754 3602 fuerit,
781 3518 936 3608 rescribe,
965 3531 1001 3585 ut
1024 3533 1125 3590 certus
1150 3543 1218 3590 esse

165 3632 304 3718 possim,
337 3627 474 3694 redditas
492 3627 568 3692 Tibi
595 3628 689 3694 fuisse
711 3625 804 3694 hasce
832 3649 921 3693 meae
942 3627 1080 3711 litterast
1113 3653 1220 3717 neque

165 3744 256 3804 enim
275 3735 377 3802 adhuc
396 3736 492 3825 plane
512 3734 656 3822 expedita
674 3757 742 3802 esse
761 3736 888 3803 videtur
907 3735 1056 3823 Belgium
1078 3740 1162 3806 inter
1186 3753 1218 3803 et

166 3845 413 3914 Francofurtum
434 3865 600 3913 cursorum
619 3843 821 3930 publicorum
840 3847 932 3910 ratio.

252 3954 437 4026 Schultensii
456 3953 656 4022 Meidauium
668 3951 763 4022 avide
773 3965 937 4044 exspecto3
952 3950 1011 4028 sed
1017 3973 1079 4020 uec
1089 3951 1214 4019 Jobum
