2776 5124
174 436 232 493 110
514 425 690 496 Mercator
711 427 871 512 vomu,

94 615 105 633 ³
169 610 202 660 et
221 593 378 659 lamiliam
398 591 556 658 transtulit
574 561 685 658 lenam
707 591 796 676 (Isu
798 592 857 680 y),
885 589 1047 678 oppidum
1059 596 1238 681 imperiale

169 703 308 769 Sueviae
334 716 477 787 nostrae,
504 703 642 786 patriam
666 703 773 763 uxoris
793 699 1032 787 Margarethae,
1062 725 1164 790 quarn
1184 715 1232 771 23

169 826 264 878 antea
284 817 375 876 annis
396 815 430 874 in
442 808 584 873 Galliam
603 807 678 872 inde
698 806 879 872 deduxerat.
918 809 1012 874 Isnae
1028 833 1126 876 omne
1139 825 1232 878 tem-

167 943 227 1009 pus
248 925 343 985 sacris
364 916 639 1004 meditationibus,
659 931 690 982 et
711 919 913 984 concionibus
934 919 1098 986 audiendis
1116 933 1232 988 uon&

168 1033 269 1116 misit,
297 1028 398 1092 donec
417 1028 581 1114 apoplexia
600 1041 779 1115 correptus,
798 1041 968 1113 postquam
988 1029 1107 1115 aliquot
1126 1053 1231 1096 men·

166 1160 217 1202 ses
237 1136 447 1223 decubuisset,
478 1134 921 1222 obiitann01561.,eodem
942 1137 993 1201 die
1011 1143 1106 1202 etiam
1122 1164 1229 1207 uxore

167 1269 207 1311 ex
234 1250 335 1310 animi
360 1245 556 1332 aegritudine
576 1243 740 1330 defimcta,
767 1258 803 1306 ut
822 1246 918 1308 simul
939 1247 1012 1310 elati
1031 1249 1149 1317 eodem
1169 1265 1229 1315 tu-

166 1355 257 1418 mulo
286 1354 513 1440 conderentur,
547 1374 627 1438 quos
651 1366 775 1417 sanctus
796 1374 888 1417 amor
906 1368 989 1420 totos
1010 1360 1128 1444 viginti
1147 1381 1228 1447 sep-

165 1476 232 1528 tem
253 1468 427 1526 minimum
448 1483 548 1525 annos
568 1461 785 1546 conjunxerat.

250 1571 325 1635 Fuit
351 1570 539 1634 Volmarius
565 1572 715 1637 omnibus
741 1587 811 1636 tum
837 1579 994 1660 corporIs,
1027 1588 1097 1640 tum
1119 1583 1224 1642 animi

165 1677 290 1743 dotibus
310 1679 480 1764 excellens,
505 1692 582 1743 teste
603 1680 701 1766 Beza,
725 1703 821 1766 quem
842 1705 900 1768 per
923 1706 1056 1749 omnem
1077 1690 1145 1773 ejus
1166 1693 1221 1757 vi-

163 1799 232 1851 tam
252 1787 333 1849 adeo
354 1790 404 1850 sui
423 1801 586 1851 amantem
607 1802 701 1874 atque
722 1791 945 1857 observantem
965 1793 1090 1882 habuit,
1110 1810 1148 1859 ut
1166 1819 1222 1862 ra-

163 1919 238 1962 rum
264 1899 387 1981 pietatis
414 1916 488 1981 erga
514 1911 754 1984 praeceptorem
772 1899 959 1984 exemplum
983 1924 1060 1968 vere
1080 1903 1145 1967 dici
1163 1903 1220 1969 ha-

162 2003 294 2090 berique
312 2007 412 2091 possit
439 1998 626 2064 Theodorus
645 2002 746 2070 Bere.
790 2005 903 2072 Primo
925 2012 1075 2094 poe'mata
1091 2033 1152 2077 sua
1173 2012 1219 2078 illi

163 2116 338 2199 inscripsit,
359 2116 441 2175 iuter
462 2109 523 2171 alia
541 2110 590 2173 his
611 2133 739 2198 quoque
757 2115 866 2181 verbis
885 2139 976 2184 usus:

248 2219 382 2311 „Quem
398 2219 517 2282 librum
530 2218 588 2281 tibi
602 2222 829 2287 commendare
843 2246 911 2289 non
925 2224 1083 2314 dubitavi,
1099 2233 1217 2316 partim

164 2342 201 2393 ut
226 2331 292 2414 ejus
321 2332 369 2393 rei
395 2327 611 2412 patrocinium
630 2334 796 2419 suscipias,
827 2335 916 2418 cujus
941 2347 977 2397 tu
1003 2336 1085 2398 mihi
1110 2352 1217 2402 auctor

164 2438 250 2500 fitisti
269 2438 474 2522 praecipuus,
495 2438 614 2520 partim
635 2459 715 2500 vero
736 2451 787 2523 ut,
808 2462 908 2525 qutun
924 2447 982 2506 uni
1000 2443 1058 2506 tibi
1072 2445 1144 2528 plus
1162 2447 1217 2511 de-

164 2547 261 2613 beam
281 2570 379 2634 quam
399 2552 508 2612 ceterIs
523 2546 687 2626 omuibus,
707 2568 815 2610 meam
835 2570 911 2635 erga
930 2563 962 2613 te
980 2549 1217 2620 observantiam

164 2671 220 2720 aut
247 2663 352 2743 potius
377 2662 528 2745 pietatem
557 2657 618 2720 hoc
638 2655 827 2719 munusculo
847 2669 987 2723 testarer.
1038 2660 1111 2724 Nec
1129 2668 1217 2727 enim

164 2765 296 2830 deerant
315 2765 485 2854 permulti,
513 2787 591 2851 quos
612 2764 666 2830 vel
685 2763 844 2848 dignitatis
862 2765 982 2852 gratia,
1007 2769 1062 2833 vel
1080 2769 1217 2835 affinia.

161 2878 221 2962 tis,
241 2875 295 2942 vel
310 2879 484 2960 amicitiae,
504 2896 633 2960 possem
648 2871 800 2957 deligere,
822 2871 935 2957 quibus
950 2880 1044 2938 etiam
1058 2875 1121 2941 hoc
1136 2902 1217 2966 qua-

163 2981 319 3069 lectmque
343 2983 444 3048 officii
465 3004 564 3068 genus
584 3002 652 3046 non
672 2986 833 3066 ingratum
855 2981 958 3046 videri
979 2989 1117 3068 potuisse
1136 2995 1217 3053 scio:

162 3091 220 3155 sed
238 3095 261 3155 ii
281 3097 308 3156 si
328 3105 541 3178 cognoscent,
571 3112 652 3176 quae
671 3104 724 3153 tua
748 3093 783 3153 in
802 3112 856 3153 me
874 3104 1020 3154 constent
1044 3092 1215 3182 beneficia,

161 3221 230 3266 non
252 3202 379 3289 dubito,
408 3205 486 3287 quin
511 3200 724 3285 Volmurium,
755 3203 902 3285 quamvis
921 3213 1088 3263 externum
1108 3200 1215 3265 homi-

161 3330 254 3397 uem,
283 3310 342 3373 sibi
361 3311 512 3396 praeferri
530 3309 672 3373 debuisse
690 3303 877 3373 fateantuff‘.
897 3343 942 3358 -
969 3308 1113 3394 Deinde,
1141 3332 1215 3373 cum

160 3436 263 3481 annos
289 3432 382 3482 natus
410 3422 525 3503 viginti
549 3439 689 3503 novem,
720 3408 872 3503 abruptis
890 3413 1038 3480 omnibus
1060 3419 1213 3504 vinculis,

161 3530 317 3610 patriam,
343 3542 504 3610 parentes,
530 3531 651 3591 amicos
670 3526 825 3590 desereret
844 3522 907 3586 Th.
923 3523 1026 3611 Beza,
1046 3538 1082 3588 ut
1098 3549 1213 3590 verum

134 3667 137 3671 ⁴
160 3632 226 3697 Dei
253 3634 373 3698 cultum
396 3637 505 3722 palam
532 3635 786 3721 amplecteretur,
819 3654 914 3719 seque
939 3638 973 3696 in
993 3635 1212 3699 voluntarium

160 3740 290 3806 exilium
309 3749 461 3830 reciperet
480 3744 650 3812 Genevam
669 3744 770 3828 (1548
788 3764 898 3807 mense
919 3741 1085 3827 Octobr.),
1116 3765 1209 3827 mox,

123 3848 125 3855 ’
159 3855 344 3936 priusquam
364 3858 439 3916 certi
454 3853 531 3939 quid
552 3853 591 3916 de
612 3851 752 3915 ineundo
768 3856 853 3918 vitae
866 3873 983 3937 genere
999 3854 1210 3935 constitueret,

159 3956 343 4048 Tubirrgam
363 3982 462 4049 usque
481 3964 633 4044 excurrit,
659 3959 700 4023 ad
718 3960 926 4024 Volmarium
945 3980 1058 4041 suum,
1080 3975 1115 4023 ut
1136 3982 1210 4025 cum
