2776 5124
63 499 84 510 „
174 416 232 509 1⁴24
327 423 437 496 Stare.
457 421 613 491 Gramen
633 444 671 490 ur
688 422 779 492 Acri
800 420 1089 490 Tuurueuusruu‘

254 593 300 657 At
319 594 476 678 opinantis
495 588 572 653 haec
585 601 690 676 erant,
710 609 777 655 non
790 592 919 675 experti.
960 586 1122 654 Novimus
1140 607 1218 655 vero

168 701 325 764 Jacobum
350 699 495 788 Goliam,
522 705 674 766 novimus
694 696 792 760 Edro.
814 693 1022 773 Poeocltium,
1045 707 1220 779 utrumque

167 812 346 894 principem
371 811 403 870 in
425 807 557 873 arabicis
580 807 706 893 litteris,
733 804 857 870 saeculo
879 801 1003 865 decimo
1024 815 1111 866 sexto
1132 806 1220 888 peti-

169 921 228 981 isse
249 916 567 1005 Constantinopolin,
586 930 617 981 et
637 912 912 997 Constantinopoli
931 910 1062 974 demum
1081 915 1219 977 evasisse

167 1030 203 1089 in
227 1030 449 1113 principatum.
490 1025 719 1118 Quinquennio
744 1026 894 1086 continuo
915 1032 1070 1105 quantum
1090 1019 1218 1082 efficere

166 1146 288 1218 poterat
306 1133 508 1220 Gerlachius,
534 1137 570 1198 in
593 1145 716 1197 matura
738 1142 852 1216 aetate,
879 1127 1010 1192 antehac
1029 1128 1218 1191 assuefactus

165 1240 308 1305 firmitati
333 1253 363 1304 et
384 1245 576 1304 constantiae
600 1243 635 1305 in
658 1240 767 1303 litteris
788 1236 969 1301 tractandis!
1002 1234 1143 1320 Verum,
1170 1238 1217 1298 sie

165 1367 240 1413 sane
271 1349 418 1417 videmus
447 1347 586 1412 accidere
614 1368 848 1434 nonnunquam
879 1349 961 1408 inter
985 1343 1151 1424 homines,
1180 1353 1216 1404 ut

164 1461 242 1540 sint,
273 1461 327 1542 qui
352 1455 438 1540 quod
461 1469 586 1541 praesto
605 1469 651 1521 est
671 1462 754 1521 etin
770 1455 878 1520 medio
899 1456 1055 1539 positum,
1082 1455 1214 1535 insuper

164 1564 301 1629 habeant
323 1565 562 1651 negligantque,
583 1563 652 1628 aliis
671 1563 706 1627 id
720 1569 827 1649 ipsum
842 1559 1072 1647 requirentibus
1088 1556 1213 1624 studio-

163 1693 197 1736 se
217 1685 310 1758 atque
330 1676 426 1735 etiam
446 1695 464 1735 e
483 1673 658 1759 longinquo
676 1671 862 1758 petentibus.

247 1779 375 1843 Arabici
401 1785 556 1865 sermonis
582 1785 730 1865 peritiam
753 1780 939 1847 Gerlachius
966 1782 993 1845 si
1022 1792 1212 1867 reportasset

163 1904 195 1953 et
221 1888 376 1953 librorum
398 1890 597 1953 arabicorum
620 1895 745 1976 copiam
766 1890 820 1958 vel
840 1889 1053 1973 mediocrem,
1082 1907 1160 1952 sane
1177 1885 1210 1950 id

162 1997 279 2059 factum
298 2011 377 2062 esset
395 2011 540 2084 tempore
555 2019 684 2082 prorsus
701 2001 1010 2065 convenientissime.

213 2191 216 2196 ι
245 2105 399 2168 Proximo
428 2118 499 2190 post
530 2108 596 2192 ejus
624 2106 761 2171 reditum
787 2128 873 2170 anno
899 2106 1058 2192 professor
1085 2105 1211 2192 linguae

162 2210 327 2274 hebraicae
346 2213 399 2275 hic
420 2217 603 2278 constitutus
624 2228 669 2279 est
692 2215 808 2303 Georg.
834 2212 1073 2300 Wiganmeir,
1098 2217 1210 2281 ardens

161 2319 338 2382 incredibili
363 2321 530 2405 cupiditate
556 2321 695 2388 discendi
716 2329 811 2388 etiam
831 2322 991 2387 arabicum
1011 2343 1209 2412 sermonem,

163 2447 225 2509 qua
246 2426 354 2489 ductus
375 2427 557 2513 posthacin
571 2430 697 2514 Italiam
713 2432 871 2515 profectus
889 2443 951 2514 est,
970 2453 1140 2516 nunquam
1157 2437 1208 2496 in-

163 2534 203 2603 de
233 2533 347 2619 redux,
375 2533 489 2597 morbo
516 2535 624 2600 lethali
650 2560 825 2623 oppressus.
876 2537 986 2629 Quam
1007 2562 1088 2607 vero
1119 2542 1209 2611 avide

162 2646 343 2727 arripuisset
365 2645 419 2706 ille
442 2667 480 2707 ex
504 2643 673 2709 Gerlachio
695 2647 812 2711 litteras
832 2647 989 2731 advenas,
1018 2669 1082 2732 quo
1107 2650 1209 2713 studio

164 2750 324 2837 coluisset,
346 2772 408 2835 quo
427 2773 569 2816 successu
586 2754 760 2818 tradidisset
773 2757 857 2821 aliis!
886 2755 1057 2820 Nobilitari
1077 2758 1130 2821 his
1148 2784 1208 2848 po-

162 2870 244 2921 terat
264 2859 369 2922 schola
392 2874 500 2924 nostra
520 2866 621 2948 magis
637 2884 733 2948 quam
752 2867 817 2927 istis
834 2865 1118 2932 concertationibus
1135 2892 1207 2933 cum

163 2963 346 3030 hominibus
364 2973 481 3052 graccis
496 2970 557 3033 illis
572 2975 678 3035 minus
694 2975 838 3056 ingenuis
852 2973 1104 3060 liberalibusque.
1146 2977 1207 3042 Sed

164 3085 231 3134 erat
245 3071 575 3159 Lugduno-Batavac
587 3078 796 3164 Academiae,
818 3086 868 3145 cui
887 3082 975 3146 Deus
990 3083 1109 3150 faveat!
1134 3107 1207 3148 ara·
1239 3151 1243 3159 ,

161 3177 246 3241 bicos
266 3180 382 3244 litteras
402 3189 575 3249 instaurare
593 3199 624 3250 et
637 3187 765 3274 fovere,
784 3187 920 3255 Nostrae
933 3192 1063 3281 sufficit,
1084 3207 1208 3260 restan-

161 3307 245 3351 rasse
261 3288 443 3357 Hebraicas.
