2776 5124
206 1149 209 1154 ’
254 1149 373 1218 Tribus
401 1162 577 1238 quatuorve
610 1148 725 1216 abhinc
757 1151 849 1215 annis
873 1145 1001 1215 Sueciae
1034 1168 1105 1239 rex,
1148 1148 1221 1216 Gu·

169 1274 276 1330 stavus
294 1263 349 1326 III
371 1263 477 1328 virum
497 1259 641 1341 doctum,
662 1260 818 1323 Jacobam
833 1259 908 1325 Jon.
923 1257 1110 1337 Bidrnstal,
1139 1280 1223 1345 pro-

99 1363 102 1368 *
167 1373 320 1437 sessorem
339 1370 378 1435 L.
390 1369 430 1435 L.
449 1369 529 1436 OO.
550 1367 789 1434 Lundinensem
809 1366 1025 1454 designatum,
1050 1378 1223 1453 postquam

171 1487 355 1566 praedpuas
382 1460 530 1566 Europae
557 1492 670 1565 terras,
710 1496 818 1541 comes
846 1498 883 1539 ac
915 1475 1099 1540 moderator
1126 1472 1223 1538 Rud‘

168 1590 288 1676 bacini,
329 1602 527 1677 peragrarat,
549 1590 639 1674 jussit
658 1589 721 1650 suis
739 1585 895 1651 sumtibus
921 1588 982 1650 iter
1005 1589 1041 1650 in
1062 1590 1221 1650 orientem

169 1703 344 1764 instituere.
391 1698 434 1764 Et
457 1696 625 1763 consilium
650 1695 780 1783 quidem
805 1693 867 1758 hoc
892 1706 975 1781 erat,
1003 1705 1040 1757 ut
1058 1693 1222 1779 Bjiirnstal

169 1805 448 1893 Constantinopoli
470 1809 506 1871 in
525 1805 638 1870 Asiam
657 1802 776 1867 delatus
795 1799 1007 1868 Palaestinam
1026 1803 1223 1892 Syriamque

169 1929 367 2002 peragraret,
394 1911 509 1978 deinde
529 1934 602 1977 eam
617 1911 742 1976 Africae
757 1925 893 1998 partem,
912 1932 993 2000 quae
1011 1918 1096 1979 mari
1113 1915 1222 1978 medi·

169 2037 315 2089 terraneo
345 2023 480 2109 adjacet,
518 2021 678 2107 lustraret,
715 2020 908 2107 tandemque
941 2043 998 2106 per
1026 2019 1223 2108 Hispaniam

171 2131 467 2196 domum'redIret:
502 2129 590 2217 quod
617 2132 677 2192 iter
703 2127 824 2192 biennii
853 2130 953 2215 spatio
979 2128 1101 2198 absolvi
1126 2153 1223 2218 posse

171 2237 347 2305 videbatur.
400 2238 529 2305 Itineris
561 2239 663 2302 socius
695 2233 742 2303 illi
770 2240 913 2322 primum
946 2242 1131 2304 constitutus
1162 2240 1222 2306 tuit

171 2342 247 2411 Car.
270 2341 468 2434 Stridsberg‚
498 2345 633 2429 Siracos,
664 2345 885 2433 postmodum,
917 2346 1009 2432 hujus
1037 2348 1224 2416 valetudine

167 2449 301 2534 afflicta,
328 2450 495 2515 Matthias
522 2454 689 2540 Norberg,
718 2457 836 2540 pariter
862 2453 991 2520 suecos.
1045 2453 1111 2521 Hic
1139 2458 1220 2524 dum

167 2580 206 2620 ex
231 2557 324 2621 Italia
348 2560 409 2621 iter
432 2557 732 2645 Constantinopolin
758 2561 888 2649 faceret,
913 2565 1036 2649 putavit
1053 2560 1220 2650 Bjiimsta-

165 2664 243 2751 lius,
276 2688 405 2746 moram
431 2664 516 2730 haud
541 2669 655 2732 melius
676 2669 825 2733 collocari
843 2692 953 2757 posse,
985 2690 1083 2756 quam
1102 2677 1218 2740 itinere

165 2779 198 2836 in
222 2773 389 2840 Graeciam
417 2777 619 2841 instituendo.
661 2775 725 2843 Sed
748 2777 811 2842 hoc
835 2780 958 2863 ipsein
977 2781 1090 2844 itinere
1111 2797 1217 2848 morte

162 2885 260 2946 nimis
285 2894 487 2969 praematura
511 2885 702 2972 interceptus
724 2898 780 2953 eet.
830 2881 919 2950 Nam
938 2885 1119 2974 dysenteria
1140 2913 1218 2955 cur-

163 3005 270 3077 reptus
291 2992 369 3072 obiit
388 2991 420 3057 d.
441 2999 489 3058 12.
502 2991 572 3060 Jul.
596 2999 689 3062 1779.
735 2993 993 3083 Thessalonicae,
1028 3016 1110 3084 quae
1139 3000 1217 3067 urbs

164 3112 211 3164 est
235 3104 388 3186 prImaria
412 3099 631 3168 Macedoniae.
678 3101 877 3168 Gravissima
904 3117 966 3193 est,
994 3117 1103 3173 nostro
1126 3108 1214 3194 judi-

164 3213 231 3293 cio,
263 3230 361 3293 quarn
387 3228 426 3273 ex
453 3207 514 3273 hoc
542 3211 629 3275 obitu
656 3232 746 3297 passa
773 3225 820 3276 est
843 3213 1016 3281 litteratura
1034 3217 1216 3306 orientalis,

162 3322 292 3403 jactura.
334 3315 370 3378 Si
391 3317 462 3400 quis
478 3317 564 3386 araim
583 3318 684 3400 alius,
707 3315 930 3398 Bjcrnstattas
948 3334 1048 3399 certe,
1072 3344 1215 3406 quocum

162 3436 240 3490 ante
266 3422 325 3485 hor
351 3422 458 3484 decem
488 3445 594 3488 annos
616 3421 755 3489 Parisiis
780 3424 815 3488 in
843 3426 954 3488 eodem
978 3424 1117 3508 hospitia
1133 3408 1215 3511 qna-

160 3545 235 3594 tuor
259 3550 382 3593 menses
403 3528 654 3609 conjunctissimi
678 3531 836 3613 vilelmus,
863 3531 1049 3615 aptissimas
1068 3544 1143 3594 crat
1167 3534 1214 3596 ad

55 3693 57 3695 ,
160 3639 222 3698 iter
252 3632 409 3698 orientale
440 3634 543 3697 multo
572 3658 645 3698 cum
678 3635 790 3718 fructu
817 3631 1065 3721 perficiendum.
1119 3637 1216 3703 Nam

159 3759 285 3832 praeter
306 3743 489 3830 linguarum
514 3747 643 3810 orientis
668 3744 754 3808 haud
772 3743 938 3830 vulgarem
965 3744 1113 3828 peritiam
1130 3744 1214 3832 plu·
1242 3777 1245 3783 ¹

160 3860 242 3918 rima
265 3858 300 3918 in
324 3851 380 3915 illo
400 3854 493 3916 unice
513 3851 746 3939 conspirabant,
779 3872 860 3937 quae
879 3872 953 3916 raro
973 3854 1069 3916 etiam
1088 3855 1126 3917 in
1145 3858 1216 3918 sin-

162 3962 243 4048 gulis
270 3961 557 4050 deprehenduntur.
602 3960 681 4028 Erat
705 3960 759 4026 ille
778 3963 886 4025 aetatis
905 3959 1082 4025 admodum
1103 3974 1214 4027 matu-
