2776 5124
261 430 327 506 ato
461 415 878 512 marcennacum,
894 413 1110 505 ueneno,

246 594 363 676 'quam
382 607 481 655 omne
497 586 656 679 deposuit,
684 583 811 657 videtur
830 584 1020 652 contraxisse
1040 583 1200 671 insignem
1223 582 1321 650 illum

262 711 295 766 et
321 708 518 764 constantem
547 717 695 762 amorem
724 695 933 781 disciplinae,
968 692 1098 779 ejusque
1128 695 1322 778 severioris,

262 828 346 896 quae
366 810 490 872 minuta
510 804 608 891 adeo,
635 806 771 889 quaein
791 799 901 870 oculos
925 797 1059 884 cadunt,
1085 799 1323 886 complectere-

265 930 336 981 tur:
361 927 493 1000 eratque
513 917 548 977 in
567 911 623 976 illo
643 916 726 977 mira
744 932 781 975 ac
795 909 949 996 stupenda
963 913 1014 976 vla
1029 923 1125 996 atque
1136 914 1220 975 acies
1237 931 1322 972 ocu·-

263 1021 385 1104 lorum,
411 1042 492 1107 quae
511 1043 576 1084 uno
599 1017 710 1082 obtutu
729 1017 855 1084 infinita
872 1017 1167 1104 comprehenderet.
1204 1017 1248 1082 In
1268 1020 1322 1103 ju-

264 1130 404 1196 dicandis
431 1125 695 1212 aestimandisque
720 1126 904 1192 hominibus
928 1132 1049 1192 mirum
1072 1140 1229 1214 quantum
1255 1148 1323 1193 va·-

263 1240 366 1326 lebat,
385 1249 421 1301 ut
441 1249 471 1300 et
490 1235 529 1299 ad
550 1257 630 1322 quae
647 1238 780 1321 quisque
800 1249 878 1300 esset
894 1242 1034 1302 maxime
1049 1236 1198 1325 idoneus,
1224 1233 1319 1298 facil-

262 1347 340 1411 lime
356 1348 557 1432 perspiceret,
585 1363 688 1430 neque
709 1345 804 1410 ullius
822 1345 984 1432 diligentia
1003 1344 1159 1432 fidesque,
1188 1361 1244 1408 aut
1261 1365 1319 1408 so-

263 1456 371 1521 cordia
406 1453 639 1538 voluntatisque
673 1453 820 1519 alienatio
851 1456 941 1520 facile
974 1455 1067 1520 illum
1098 1455 1233 1540 fugeret.
1282 1451 1318 1517 Si

265 1569 353 1651 cujus
379 1562 478 1628 fidem
506 1584 543 1625 ac
570 1563 768 1628 voluntatem
793 1577 989 1650 perspectam
1014 1565 1074 1630 sibi
1095 1577 1128 1628 et
1144 1563 1318 1650 probatam

264 1695 331 1738 esse
357 1683 497 1759 putaret,
527 1693 622 1755 aegre
645 1692 679 1734 se
699 1692 807 1757 passus
828 1686 874 1737 est
894 1671 933 1735 ab
956 1677 1013 1736 ista
1034 1676 1185 1757 opinione
1206 1671 1320 1734 diruo-

261 1786 343 1852 veri.
382 1781 495 1844 Minus
514 1791 625 1842 eontra
646 1777 808 1842 difficilem
829 1801 862 1843 se
881 1779 1052 1865 praebebat
1068 1780 1109 1843 ad
1123 1781 1317 1844 mutandam

261 1893 450 1958 sententiam
476 1887 515 1951 de
542 1887 621 1974 illis,
650 1885 763 1974 quibus
789 1888 843 1953 vel
866 1893 933 1974 ipse
958 1893 1065 1954 minus
1085 1888 1230 1976 lavisset,
1263 1889 1318 1956 vel

263 2020 344 2086 quos
368 1996 409 2060 ab
437 2018 471 2062 se
497 1994 633 2080 alienos,
661 2006 755 2079 atque
779 1996 840 2059 sibi
866 1996 946 2060 adeo
967 1996 1171 2063 adversantes
1193 2020 1318 2085 repug-

262 2119 435 2193 nantesque
462 2102 627 2168 arbitratus
654 2118 748 2185 esset3
781 2118 813 2168 et
840 2119 947 2171 extant
973 2106 1117 2192 exempla
1136 2110 1209 2169 satis
1236 2128 1317 2170 con-

260 2221 383 2303 spicua,
419 2213 547 2278 rediisse
575 2215 611 2276 in
638 2209 741 2298 Ipsius
770 2219 920 2300 gratiam,
954 2219 1009 2301 qui
1035 2213 1184 2278 nonnihil
1209 2212 1318 2276 incle-

261 2326 399 2390 mentius
424 2332 516 2385 antea
535 2319 576 2383 ab
597 2340 636 2383 eo
655 2318 752 2384 habiti
772 2321 877 2389 videri
894 2334 1052 2408 poteraut.
1097 2321 1317 2406 Nequaquam

261 2435 296 2497 in
315 2435 385 2516 ipso
404 2428 504 2492 abluit
523 2429 748 2519 mansuetud0,
773 2431 900 2517 lenitas,
921 2436 1066 2512 comitas,
1088 2452 1130 2494 ne
1149 2429 1316 2494 urbanitas

262 2539 409 2626 quidem:
436 2558 496 2602 nec
521 2536 656 2623 proferri
681 2551 784 2624 potest
804 2539 979 2626 ququuam
1005 2536 1044 2602 ab
1068 2537 1124 2602 illo
1145 2551 1315 2624 perpetra-

259 2663 332 2713 tum
353 2644 534 2732 crudeliter,
560 2645 615 2712 vel
633 2649 669 2710 in
690 2668 753 2731 quo
773 2652 903 2713 saevitia
921 2650 1052 2734 insignis
1068 2651 1176 2712 ,notari
1194 2660 1315 2733 posset.

262 2758 423 2823 Animum
442 2777 552 2841 regere
572 2775 609 2818 ac
629 2758 805 2842 continere,
825 2768 1003 2843 temperare
1017 2752 1091 2841 sibi,
1112 2755 1315 2819 iracundiam

261 2863 428 2950 cohibere,
469 2862 667 2927 dissimulare
702 2863 932 2948 aegritudinem
965 2874 1088 2948 poterat
1120 2884 1221 2948 quam
1259 2867 1314 2950 qui

262 2975 421 3059 maxime,
447 2983 479 3035 et
496 2973 632 3034 memini
652 2991 690 3033 ex
711 2991 767 3035 ore
786 2972 869 3036 illius
889 2970 1012 3035 audire:
1038 2993 1105 3037 non
1124 2973 1315 3060 infrequen-

261 3092 311 3144 ter
334 3079 369 3143 id
393 3077 551 3163 accidere,
576 3090 612 3139 ut
632 3076 758 3145 vultum
778 3079 820 3141 ad
840 3089 1022 3146 comitatem
1043 3087 1259 3168 compositum
1279 3088 1316 3150 in

261 3211 296 3256 se
315 3189 532 3275 praedicarent
552 3187 619 3274 alii,
639 3186 718 3250 dum
737 3190 821 3252 intus
843 3212 920 3255 vere
941 3190 1061 3254 doleret
1078 3194 1218 3257 animus.

346 3298 568 3362 Alienissimus
588 3309 655 3361 erat
668 3294 802 3363 Carolus
821 3317 840 3359 a
859 3317 943 3362 vana
963 3301 1129 3387 opimone,
1151 3300 1235 3363 nihil
1248 3323 1316 3366 un-

262 3426 360 3493 quam
386 3404 493 3465 minus
519 3417 604 3468 recte
631 3396 671 3467 ab
697 3425 731 3466 se
758 3415 976 3489 perpetratum
1005 3428 1085 3494 esse,
1125 3409 1178 3476 vel
1202 3413 1315 3477 minus

260 3513 392 3600 dignam
416 3515 568 3598 principis
587 3532 724 3598 persona
742 3512 846 3581 videri
864 3535 956 3599 posse
974 3515 1133 3579 humanae
1153 3516 1315 3602 fragilita-

262 3623 302 3685 tIs
330 3620 504 3706 ingenuam
533 3619 774 3684 confessionem.
828 3620 1082 3702 Dissensionem,
1117 3628 1262 3691 maxime
1286 3632 1314 3692 si

262 3741 441 3815 opportuna
464 3739 557 3814 esset,
581 3725 699 3792 ferebat
717 3726 802 3791 haud
818 3731 1033 3815 impatientem
1056 3743 1087 3795 et
1101 3732 1201 3795 multa
1217 3746 1315 3821 certe,

264 3834 305 3900 ab
332 3858 366 3901 se
391 3836 445 3904 vel
469 3836 566 3925 facta,
595 3834 650 3904 vel
675 3838 710 3901 in
736 3836 806 3900 aliis
830 3836 978 3926 probata,
1008 3836 1083 3925 Ipse
1107 3839 1315 3925 improbabat

224 4006 226 4009 ,
263 3942 484 4033 vehementer,
510 3957 680 4034 postquam
705 3945 932 4013 adolescentiae
956 3951 1098 4036 impetus·
1113 3961 1209 4038 atque
1230 3953 1316 4015 inci-

1170 4058 1274 4121 tatio-
