2776 5124
160 446 201 510 56·
413 429 418 496 s
454 433 569 502 Pura.
589 429 938 495 Mrnurenrnoms

160 608 242 692 giliis
252 600 369 668 Jacobi
395 602 475 667 1⁶18
496 601 630 683 scriptae
640 586 828 679 Tubingam
842 587 1212 680 aeruuncnrrorrm

162 714 274 803 quilius
303 710 489 799 Philippum
508 726 613 791 suum,
643 723 741 788 quern
770 704 984 769 amantissime
1012 700 1088 768 dicit
1115 725 1211 766 sunm

161 845 241 908 opus
261 838 417 902 suumque
436 811 610 896 solatium,
621 821 713 898 urget
733 807 773 873 ad
793 809 1033 899 suscipiendam,
1047 831 1128 899 quae
1147 812 1215 875 ob-

160 928 221 994 lata
242 937 331 1013 esset,
351 922 579 1007 conditionem,
598 917 648 985 his
668 939 795 1006 quoque
814 918 922 986 verbis
941 940 1032 984 usus:
1059 920 1136 982 Non
1163 929 1214 982 est

162 1044 311 1116 acceptus
334 1029 493 1114 propbeta
520 1030 555 1091 in
579 1028 692 1112 patria
715 1048 785 1094 sua.
842 1025 999 1113 Theologi
1030 1025 1148 1090 scilicet
1181 1039 1214 1090 et

161 1140 303 1227 Legistae
322 1133 555 1221 Tubingenses,
585 1137 640 1220 qui
658 1132 835 1220 plurimum
858 1134 1003 1200 valerent
1032 1138 1067 1198 in
1092 1134 1216 1222 guber-

162 1247 267 1312 nanda
288 1244 347 1308 hac
365 1241 482 1330 schola,
504 1264 620 1328 parum
648 1262 772 1307 curasse
797 1241 947 1310 videntur
975 1254 1007 1306 et
1033 1243 1213 1306 doctrinam

135 1423 136 1426 ,
164 1355 442 1421 ancnrnonrs
463 1361 494 1414 et
512 1349 700 1438 litteramm,
718 1355 754 1416 in
773 1351 887 1438 quibus
906 1354 1076 1435 emineret,
1103 1371 1216 1438 genus.

249 1459 426 1530 Sruuouus
445 1472 565 1546 tamen,
587 1460 762 1525 discedente
782 1458 932 1544 Tubinga
958 1457 1128 1544 Philippu,
1153 1478 1215 1522 suo

166 1567 330 1653 quondam
348 1566 480 1633 inludo
501 1567 750 1631 Pforzhemiensi
770 1566 940 1652 discipulo,
968 1565 1079 1629 dixisse
1097 1565 1215 1630 fertur:

168 1675 400 1762 deplorandum
424 1697 492 1740 esse
511 1678 571 1738 toti
591 1670 711 1743 civitati
731 1677 797 1759 ejus
825 1673 962 1761 abitum,
983 1687 1014 1738 et
1033 1673 1217 1759 subjecisset

166 1797 322 1870 quotquot
340 1783 384 1847 ibi
402 1796 504 1848 essent
524 1782 609 1846 docti
627 1783 790 1869 homiues,
821 1783 889 1846 non
915 1803 980 1845 esse
1006 1793 1073 1844 tam
1094 1780 1217 1867 doctos,

165 1904 202 1955 ut
220 1891 439 1978 intelligerent,
458 1902 575 1976 quanta
595 1903 674 1954 esset
692 1889 833 1955 doctrina
854 1893 930 1974 ejus,
957 1892 1012 1974 qui
1035 1887 1110 1952 inde
1132 1910 1216 1955 evo-

165 1988 253 2064 catus
274 1998 514 2064 discederet-
553 1998 705 2070 Discessit
718 2020 796 2066 vero
806 1998 953 2085 Tubinga
960 1999 1216 2066 Mnnsucnrnon

166 2130 278 2174 mense
298 2108 452 2195 Augusto,
471 2119 503 2171 et
521 2120 690 2193 postquam
718 2128 812 2194 eques
838 2127 876 2169 eo
905 2110 1016 2170 itinere
1045 2112 1220 2174 transiisset

168 2214 418 2300 Norimbergam
438 2215 653 2301 Lipsiamque,
672 2215 777 2280 salvus
803 2218 949 2300 pervenit
975 2212 1219 2302 Wittehergam

170 2323 222 2386 die
242 2324 378 2410 Augusti
397 2327 549 2390 vicesimo
570 2326 697 2408 quinto;
718 2323 773 2386 uhi
792 2321 908 2409 habiti,
935 2334 1045 2408 quarto
1065 2336 1137 2410 post
1157 2325 1221 2389 ad-

170 2445 304 2498 ventum
325 2431 386 2517 die,
406 2434 548 2495 oratione
567 2431 713 2518 solemni,
734 2433 875 2497 celeriter
896 2447 1079 2498 consecutus
1099 2447 1145 2497 est
1167 2434 1221 2498 fa-

170 2560 286 2606 vorem
306 2551 338 2604 et
355 2538 598 2602 admiratIOnem
619 2543 776 2627 omnium,
795 2539 950 2626 brevique
969 2538 1080 2629 effecit,
1100 2554 1135 2606 ut
1152 2546 1223 2611 mi-

171 2646 311 2712 rabiliter
329 2649 482 2732 inciperet
501 2647 660 2710 academia
680 2647 830 2712 celebrari
850 2664 882 2713 et
900 2652 1101 2737 frequentari.

256 2752 392 2818 Posthac
412 2753 557 2840 quidem,
578 2753 657 2818 facta
683 2777 847 2820 sacrorum
874 2781 1044 2844 rerumque
1072 2762 1222 2824 omnium

172 2857 443 2928 conversionem
470 2861 736 2949 Wiirtembergia
767 2869 867 2953 1534„
886 2889 963 2931 mox
993 2873 1144 2953 expetitus
1175 2881 1224 2932 est

172 2973 421 3036 Msmucnrnon
441 2969 481 3033 ad
502 2971 712 3035 ordinandam
732 2994 803 3036 rem
822 2995 945 3039 sacram
965 2975 1223 3061 litterariamque.

169 3077 370 3165 Scripserunt
394 3077 436 3141 ad
464 3099 539 3142 eum
566 3101 605 3143 ex
625 3076 815 3166 Stuttgardia
837 3081 1060 3145 cancellarius
1080 3096 1111 3147 et
1135 3085 1224 3150 Eun.

88 3209 91 3216 ·
170 3185 325 3251 Summus
345 3189 477 3250 nomine
496 3188 657 3273 principis,
676 3200 711 3250 ut
731 3189 928 3255 voluntatem
953 3192 1049 3274 ipsius
1073 3192 1223 3278 explora-

171 3306 259 3374 rent;
281 3302 417 3380 eumque
437 3298 658 3358 amantissimis
678 3294 788 3360 litteris
806 3310 997 3363 revocarunt
1017 3301 1051 3360 in
1070 3304 1221 3384 patriam.

170 3399 234 3466 Sed
252 3407 382 3488 negavit
399 3402 526 3465 Elector
546 3399 711 3487 Saxoniae,
730 3402 840 3467 litteris
859 3403 900 3467 ad
922 3402 1079 3469 Unruouu
1099 3407 1222 3475 Ducnn

171 3531 211 3573 ex
230 3507 349 3599 oppido
368 3507 470 3572 nuda
489 3514 627 3598 scriptis,
661 3532 766 3575 carere
791 3533 882 3596 posse
907 3535 997 3577 suam
1022 3517 1221 3586 academiam

169 3616 227 3680 tali
245 3614 383 3703 doctore,
405 3621 455 3680 cui
473 3623 648 3682 maximam
666 3619 860 3704 frequentiae
880 3644 954 3685 suae
976 3637 1099 3707 partem
1120 3599 1222 3690 debe-

170 3737 213 3804 at;
235 3737 267 3787 et
285 3725 532 3803 Msmncnrsou
553 3733 630 3815 ipse,
650 3731 773 3792 etiamsi
795 3741 864 3791 tum
888 3729 1036 3794 nonnihil
1061 3747 1222 3818 pertaesus

170 3828 406 3921 Wittebergae,
425 3836 526 3900 noluit
545 3858 703 3920 annuere,
732 3837 818 3920 quod
838 3837 947 3900 mallet
965 3843 1166 3904 vocationem
1185 3846 1222 3908 in

172 3935 382 4028 Britanniam,
404 3943 443 4007 de
465 3966 526 4030 qua
548 3957 615 4008 tum
636 3941 795 4030 agebatur,
815 3945 971 4030 amplecti.
