2776 5124
260 450 321 510 232
406 444 459 511 Dr
473 431 717 512 Trsoduarura
729 440 879 512 Tuacrot
894 442 1153 536 Cousrassmoe.

257 613 387 676 nonnisi
415 608 520 675 sabula
549 620 595 674 est
620 621 648 674 et
675 611 886 675 vanissimum
913 623 1143 681 commentum.
1192 611 1315 703 Neque

258 723 363 805 magis
389 740 505 785 verum
532 716 612 783 illud
638 729 697 805 est,
730 716 816 803 quod
842 715 896 783 vel
916 717 1039 783 Tottius
1060 718 1219 812 perhibet,
1254 726 1315 809 qni

224 867 227 879 ι
257 826 438 914 superbius,
460 838 495 890 ut
514 826 608 911 solet,
630 826 720 890 dicit:
747 846 790 888 on
810 823 841 886 la
862 828 1016 910 meprisa;
1043 825 1186 892 lbrahim
1206 829 1314 896 ferma

257 931 425 1019 boutique3
455 933 509 1001 vel
527 931 759 1019 Bjomstahlius
781 930 875 996 refert
894 936 929 996 in
949 933 1058 999 litteris
1078 928 1314 1004 Constantino-

256 1041 421 1128 politanIs,
461 1042 617 1126 expirasse
649 1037 915 1130 typographiam,
953 1041 1040 1126 quod
1068 1043 1142 1110 libri
1170 1061 1315 1114 emtores

255 1169 323 1213 non
349 1148 502 1212 haberent
528 1151 611 1213 inter
628 1146 768 1234 Turcas,
802 1153 1112 1238 scriptorumquam
1136 1150 1315 1240 impresso.

255 1281 330 1322 rum
349 1258 507 1324 librorum
527 1250 729 1324 amantiores.
771 1255 906 1325 certun-
925 1257 1056 1346 quidem
1077 1272 1139 1348 est,
1168 1267 1314 1329 orienta-

260 1389 294 1432 es
322 1367 412 1431 libris
439 1366 564 1430 calamo
589 1365 727 1431 studiose
755 1369 894 1432 exaratis
912 1370 1016 1453 tnagis
1037 1366 1185 1433 delectari
1210 1393 1314 1456 quam

264 1479 398 1561 excusis,
423 1475 510 1560 quod
530 1486 640 1563 putent
660 1498 763 1564 neque
784 1476 818 1539 id
837 1489 971 1561 temere,
996 1487 1151 1568 typorum
1170 1482 1317 1564 impres-

251 1575 405 1670 'sionem,
437 1605 518 1669 quae
543 1577 611 1649 no'n'
636 1598 682 1650 est
704 1588 766 1650 nisi
784 1587 961 1670 scriptionis
980 1583 1138 1669 quaedam
1156 1589 1316 1674 imitatio,

257 1687 369 1757 calami
382 1690 571 1778 elegantiam
586 1715 719 1756 omnem
732 1697 856 1779 assequi
867 1691 953 1755 haud
966 1713 1068 1777 posse.
1109 1694 1172 1780 At,
1191 1717 1314 1781 quern-

256 1797 432 1863 admodum
459 1813 489 1863 et
513 1799 598 1886 apud
624 1808 699 1887 nos,
733 1806 789 1887 qui
817 1799 942 1886 amplae
971 1800 1151 1885 nitidasque
1180 1803 1311 1869 chartae

259 1909 405 1993 impressi
430 1920 503 1973 sunt
527 1909 601 1973 libri
606 1914 747 1996 ,magis
765 1908 904 1995 placent,
937 1928 1035 1993 quam
1055 1908 1238 1994 quissfnseae
1259 1911 1313 1974 bi-

258 2013 430 2103 bulaeque,
459 2038 519 2080 nee
542 2029 651 2082 tamen
671 2017 792 2084 vilioris
819 2017 943 2083 chartae
964 2017 1043 2080 libri·
1057 2013 1234 2083 emtoribus
1256 2043 1314 2084 ca-

168 2154 169 2158 *
259 2123 351 2210 rent,
370 2125 486 2190 scilicet
504 2126 592 2212 quod
611 2137 685 2190 sunt
703 2126 764 2190 illis
782 2125 999 2212 parabiliores:
1020 2128 1062 2187 ita
1084 2138 1115 2189 et
1131 2127 1259 2193 Tincas
1271 2131 1312 2197 ab

260 2237 422 2320 impressis
441 2234 530 2300 lihris
550 2256 617 2299 non
637 2234 836 2299 abhorruisse
855 2234 909 2300 vel
922 2255 960 2295 ex
974 2254 1013 2294 eo
1029 2233 1200 2321 intelligas,
1222 2237 1313 2322 quod

260 2343 492 2409 nonnullorum
512 2343 670 2408 librorum
685 2345 853 2427 editiones,
875 2339 1046 2406 divenditis
1058 2343 1181 2424 primae
1196 2365 1313 2406 exem-

259 2449 320 2536 plis
348 2451 513 2538 omnibus,
542 2473 620 2514 mor
648 2463 749 2514 essent
776 2448 989 2535 repetendae·
1021 2448 1085 2514 Sed
1112 2470 1191 2515 vera
1215 2464 1314 2536 atque

259 2559 354 2620 unica
372 2578 480 2646 eausa,
508 2580 590 2645 quae
608 2550 736 2645 negotio
756 2557 987 2648 typographico
1004 2555 1192 2642 languorem
1210 2558 1313 2622 indu·-

261 2678 359 2747 ceret,
384 2679 451 2730 erat
472 2665 576 2732 obitus
593 2667 758 2732 lbrahimi.
799 2666 841 2732 Et
859 2665 992 2729 habehat
1009 2665 1062 2729 ille
1085 2664 1218 2751 quidem
1235 2689 1312 2730 sue-

259 2795 434 2862 cessorem,
454 2795 530 2839 suae
546 2773 729 2861 disciplinae
742 2774 928 2861 hominem,
948 2772 1003 2838 sed
1017 2777 1072 2859 qui
1088 2795 1148 2837 nee
1164 2774 1311 2862 regendo

259 2884 397 2969 negotio·
411 2905 470 2969 par
495 2894 589 2970 esset,
617 2902 680 2948 nec
701 2886 939 2970 ingravescente
961 2879 1046 2944 hello
1068 2880 1223 2945 Russiaeo
1244 2904 1310 2968 pu·

258 2988 334 3054 hlici
350 2991 459 3054 auxilii
475 2990 650 3079 quidquam
664 2991 808 3078 haberet,
830 2985 925 3076 atque
940 3001 971 3052 et
987 2994 1054 3076 ipse
1071 3010 1198 3074 quoque
1214 2989 1310 3057 brevi

259 3096 345 3162 diem
364 3098 477 3169 obiret.
519 3105 566 3165 At
584 3105 639 3186 qui
655 3121 744 3166 nnnc
760 3101 896 3184 imperio
915 3109 1037 3183 praeest
1052 3095 1161 3160 Abdul
1173 3096 1310 3185 Hamid,

259 3220 295 3270 ut
317 3217 363 3272 est
381 3210 501 3296 ingenii
520 3212 654 3275 mitioris
676 3221 770 3294 atque
783 3210 819 3270 iu
836 3205 953 3269 litteras
971 3207 1135 3290 propensi,
1157 3217 1231 3290 post
1247 3229 1309 3292 pa·

259 3339 331 3378 cern
360 3337 434 3378 curn
462 3317 573 3384 Russis
599 3322 824 3406 compositam,
862 3312 1039 3399 petentibus
1065 3311 1246 3380 duumviris
1274 3321 1309 3380 in

256 3422 408 3508 dignitate
424 3427 550 3512 positis,
576 3427 666 3491 alteri
684 3423 897 3489 Cancellariae
913 3419 1063 3507 praesidi,
1083 3420 1309 3510 Historiogra-

257 3528 322 3616 pho
346 3529 474 3617 publico
496 3535 600 3621 alteri,
631 3536 761 3600 veniam
784 3544 814 3595 et
836 3533 884 3616 jus
904 3529 977 3592 fecit
995 3527 1219 3593 restaurandae
1236 3535 1308 3616 pri-

255 3640 356 3702 stinae
372 3630 601 3727 ‘collapsaeque
626 3638 870 3727 typographiae,
911 3636 1082 3721 diplomate
1106 3642 1194 3721 regio
1201 3682 1213 3721 ,
1244 3638 1308 3702 ho·

254 3760 344 3811 nesto
368 3767 405 3808 ae
429 3746 523 3832 plane
547 3747 683 3833 liberali,
713 3752 829 3832 scripto
856 3743 896 3808 ad
917 3743 1003 3807 diem
1027 3743 1077 3817 XI
1094 3744 1190 3808 Mart.
1218 3767 1307 3813 anno

156 3856 159 3861 ’
253 3857 345 3942 hujus
370 3856 484 3920 saeculi
513 3859 703 3941 octogesimo
731 3863 860 3936 qzrnrto.
904 3851 998 3917 Edita
1025 3854 1121 3938 igitur
1146 3862 1193 3914 est
1216 3873 1307 3918 nova

250 3986 325 4053 pars
344 3963 523 4030 Annalium
538 3962 803 4051 Osmanieorum,
824 3983 921 4051 quem
942 3974 1018 4026 mox
1039 3974 1143 4028 secuta
1164 3975 1212 4030 est
1233 3965 1305 4031 alia.
