2776 5124
241 449 280 507 70
322 440 539 508 Wrrrrnnns.
559 435 648 502 err.
669 435 836 506 Urtrrnns.
856 442 897 501 cr
918 433 1042 503 Conon.
1071 437 1214 510 Tunrne.

242 605 322 672 duos
338 605 504 692 theologos
525 624 631 667 comes
651 605 712 707 ipsi
730 601 820 667 datus
839 614 886 667 est
904 599 1091 692 Schurffius,
1111 622 1146 675 ut
1164 612 1224 699 ipsi
1239 611 1305 675 ad.

240 719 372 782 esset-in
392 735 485 779 cauta
510 716 696 800 gravissima
715 724 868 797 tanquam
895 711 1078 780 advocatus.
1125 716 1197 782 Nec
1221 743 1306 788 sane

243 825 339 888 defuit
359 823 499 889 Lutbero
519 821 731 909 probavitque
749 821 885 907 publice,
894 842 927 884 se
941 845 1144 909 nequaquam
1159 828 1303 893 alienum

242 957 308 999 esse
342 934 381 997 ab
405 935 488 998 iilius
516 933 668 997 doctrina.
717 930 853 994 Posthac
878 936 975 994 etiam
1003 936 1105 998 amice
1127 939 1205 1002 vixit
1225 959 1304 1002 cum

246 1042 388 1107 Luthero
419 1046 549 1129 ejusque
581 1045 706 1127 amicis,
728 1052 758 1103 et
783 1043 818 1103 in
845 1038 956 1103 eadem
975 1047 1107 1106 statione
1126 1051 1306 1131 permansit

243 1156 402 1238 continue,
422 1173 491 1216 non
510 1163 666 1237 spectator
685 1161 810 1213 tantum
829 1149 885 1213 sed
905 1161 936 1212 et
956 1149 1088 1214 subinde
1108 1174 1181 1237 pars
1196 1154 1304 1239 aliqua

243 1280 377 1347 eorum,
405 1281 486 1345 quae
512 1272 695 1346 gererentur
717 1257 959 1344 Wittebergae,
980 1280 1081 1345 usque
1108 1261 1149 1323 ad
1168 1260 1304 1329 Lutheri

243 1367 376 1432 obitum.
427 1367 490 1433 Sed
509 1389 595 1432 anno
621 1372 706 1448 1547,
721 1367 762 1430 ob
784 1368 883 1454 grave
906 1365 1028 1429 bellum
1056 1382 1203 1433 exortum
1231 1371 1302 1435 dis-

243 1481 334 1541 cessit
358 1475 561 1563 Witteberga
585 1474 832 1540 Francofurtum
858 1474 899 1538 ad
919 1474 1080 1564 Oderam,
1113 1475 1169 1540 ubi
1198 1500 1304 1547 annos

243 1597 366 1669 septem
385 1585 463 1648 alios
482 1604 600 1670 magna
619 1583 787 1648 subtilitate
806 1596 838 1647 et
856 1588 891 1647 in
909 1605 1029 1668 magua
1040 1584 1221 1649 auditorum
1232 1587 1305 1653 sre-

243 1696 371 1778 quentia
390 1692 520 1757 tradidit
536 1696 614 1778 juris
635 1692 825 1757 doctrinam.
866 1691 1024 1771 Invitatus
1044 1707 1150 1758 autem
1172 1685 1211 1758 ab
1233 1701 1305 1760 im-

241 1782 387 1886 peratore
406 1801 524 1867 Carolo
552 1806 680 1886 quinto,
707 1813 744 1864 ut
762 1805 853 1883 inter
873 1800 992 1883 judices
1018 1805 1161 1888 supremi
1192 1804 1305 1889 judicii

241 1913 277 1974 in
297 1912 434 1997 imperio
453 1914 637 1996 germanico
658 1909 767 1972 locum
786 1906 926 1995 haberet,
944 1931 1018 1974 usus
1039 1923 1086 1974 est
1103 1916 1307 1980 excusatione

240 2025 418 2085 senectutis.
457 2018 586 2095 Placide
604 2017 683 2081 obiit
697 2016 910 2103 Francofurti,
924 2039 1009 2082 anno
1020 2019 1191 2084 millesimo
1204 2025 1307 2106 quin-

242 2134 417 2216 gentesimo
438 2131 701 2213 quinquagesimo
716 2138 846 2212 quarto,
867 2131 974 2190 aetatis
993 2141 1105 2212 quarto
1127 2143 1158 2192 et
1173 2143 1308 2216 septua-

244 2240 378 2324 gesimo,
397 2238 815 2323 postquamquinquaginta
836 2255 937 2298 annos
966 2235 1107 2299 docenda
1133 2241 1220 2322 juris·
1237 2243 1307 2302 sci-

171 2329 173 2332 ·
245 2350 329 2409 cntia
340 2338 507 2434 explesset.
549 2343 665 2406 Extant
686 2343 768 2407 edita
786 2346 852 2429 ejus
880 2345 1019 2430 consilia,
1040 2366 1121 2430 quae
1154 2347 1305 2413 dicuntur

245 2472 314 2515 uon
335 2453 439 2516 solum
457 2451 668 2516 eruditionem
687 2455 784 2536 ipsius
806 2465 837 2514 et
852 2452 964 2537 ‘judicii
983 2453 1214 2540 rectitudinem,
1243 2455 1303 2520 sed

186 2544 191 2565 ’
248 2581 396 2630 amorem
416 2564 512 2624 etiam
531 2565 671 2627 veritatis
683 2571 714 2623 et
723 2562 901 2646 justitiacin
912 2558 982 2647 ipso
994 2576 1183 2649 perpetuum
1192 2576 1307 2629 osten-

248 2666 335 2734 dere.
789 2674 793 2680 ’
1242 2701 1244 2704 ·

334 2776 424 2841 Haec
444 2776 485 2840 de
502 2775 638 2863 Nostris,
658 2797 738 2863 quoe
759 2775 908 2862 Tubinga
925 2779 994 2863 ipsa
1020 2782 1077 2846 vix
1097 2777 1202 2842 adulta
1221 2779 1306 2844 olim

249 2889 403 2951 concessit
425 2908 532 2954 novae
558 2885 743 2953 academiae
775 2884 1054 2975 Wittebergensi,
1087 2885 1306 2975 Tubingensis

247 2993 401 3059 coloniae.
