2776 5124
463 438 505 486 or
524 418 675 490 Cororu
695 421 925 491 struamus
1181 439 1221 500 63
1295 426 1300 433 ’

163 599 215 653 est
242 589 276 651 in
277 580 611 675 Wittehergsnsibus
637 590 715 656 actis
741 588 927 678 scriptisve,
953 602 1083 658 centum
1108 593 1223 662 abhinc

163 699 263 761 annis
281 691 395 762 editis.
631 712 681 733 '¹'

172 802 392 927 Dicam
392 816 498 931 sero,
525 820 662 931 quod
633 824 710 918 [res
720 840 783 899 est.
821 742 1085 920 Wittehergensis
1111 837 1223 901 schola

163 956 237 1004 nou
251 937 355 1001 ‘modo
370 928 647 1024 'ad'Tuhing'ensis
668 926 851 1027 cuempiam
871 940 1067 1006 conformata
1092 955 1148 1030 est,
1168 941 1225 1007 sed

164 1056 209 1132 et,
236 1032 459 1131 'qui'dd'cendi
486 1068 632 1111 munere.
646 1045 868 1158 iungerentur,
897 1049 982 1113 haud
1008 1071 1126 1136 paucos
1149 1050 1225 1114 hinc

163 1166 292 1252 nacta,
286 1157 328 1218 u't
342 1146 412 1218 dici
425 1144 600 1259 haberique
613 1150 735 1244 possit
736 1155 802 1220 aco
789 1152 878 1220 lenio
905 1154 1126 1243 Tulingensis.

251 1282 327 1351 Hoc
346 1293 393 1352 es't
392 1277 528 1376 ‚quod
529 1276 623 1379 breti
635 1293 785 1354 oratione
801 1285 1043 1371 declarabimus.

251 1417 295 1484 Et
313 1409 571 1509 primoquidem
591 1411 810 1507 Tuhingeusis
825 1418 955 1485 scholae
976 1419 1121 1508 sormam
1150 1446 1225 1488 ma-

158 1530 255 1594 'xime
275 1532 431 1593 imitatam
444 1519 829 1615 esse'Wrt'tehergensem,
849 1550 924 1591 sane
943 1551 1146 1617 nequaquam
1159 1537 1226 1595 mi

164 1636 300 1724 rabitur,
313 1630 376 1722 ''qu'i
388 1631 557 1722 ‘cognitum
569 1625 679 1722 hahet,
696 1633 735 1700 in
755 1659 843 1699 nova
863 1630 1225 1720 academia—instituenda
1334 1706 1336 1708 ,

164 1757 359 1832 permagnas
382 1755 494 1833 ‘partes
513 1738 613 1808 'fidisse
633 1736 728 1832 ³⁰³¹.»
745 1743 944 1833 Saturrrrr,
973 1734 1038 1813 viri
1063 1745 1105 1808 ob
1135 1767 1227 1810 suam

164 1850 376 1938 postmodum
394 1854 442 1937 in
466 1852 564 1916 Mart.
587 1838 773 1916 lutherum
796 1846 1055 1934 benevolentiam
1083 1854 1227 1940 singulas

164 1981 241 2024 rem
261 1980 335 2022 eum
354 1960 494 2081 primis'
489 1958 578 2025 clari.
610 1956 789 2047 'Staupitius
810 1973 917 2024 autem
939 1964 1103 2063 proximos
1126 1983 1228 2027 annos

165 2082 364 2156 transegerat
385 2050 600 2152 Tubmgae
587 2091 622 2130 m
655 2063 816 2130 Coenoht'o
843 2068 1121 2153 Augustiniano‚
1141 2068 1229 2154 quod

165 2199 257 2243 nunc
267 2190 322 2242 est
340 2173 554 2262 stipendium
563 2166 800 2282 theologicum.
841 2172 1026 2240 Accesserat
1051 2175 1113 2240 huc
1129 2181 1228 2289 1497.

157 2299 281 2350 'mense
292 2275 432 2370 Majo‚
417 2303 488 2367 pam
502 2285 577 2344 tum
592 2284 713 2347 artium
722 2284 874 2370 magister
887 2300 917 2348 et
931 2301 1042 2348 sacrae
1050 2263 1228 2377 theologiae

167 2395 284 2480 lector,
294 2385 397 2455 factus
409 2381 642 2477 Tuwingensis
652 2388 846 2458 Conventus
860 2386 964 2480 Ριίοι,
985 2392 1017 2457 h.
1028 2416 1056 2479 e,
1076 2391 1229 2463 modera-

165 2515 231 2567 tor.
270 2491 371 2564 Extat
392 2488 542 2585 ‘ejusdem
565 2490 779 2588 opusculum,
817 2497 983 2587 Tubingae
1012 2496 1162 2564 excusum
1192 2519 1230 2562 ac

167 2592 289 2676 editum
292 2604 407 2717 ,quod
423 2601 614 2692 'inscriptum
629 2621 697 2673 fest:
724 2607 854 2695 Decisio
883 2611 1072 2694 quaestionis
1100 2606 1140 2671 de
1166 2628 1227 2671 au-

170 2719 289 2783 dientia
308 2713 422 2782 missae
442 2717 477 2778 in
496 2713 677 2801 parochiali
704 2716 844 2798 ecclesia,
861 2715 1028 2781 dominicis
1053 2727 1084 2780 et
1109 2715 1231 2787 festius

172 2826 292 2893 diehus.
295 2831 333 2923 4.
367 2815 487 2890 Sacrae
494 2824 686 2929 theologiae
705 2806 857 2911 magister
876 2845 932 2888 seu
949 2822 1061 2887 doctor
1074 2821 1231 2886 solem'ni-

170 2950 218 3026 ter
239 2916 292 2999 hic
309 2918 505 3000 renuntiatus
520 2947 572 2999 est
590 2956 701 2998 mense
712 2933 846 2997 Julioa
861 2928 1230 3017 1500.Tuh1ngaWu

170 3020 334 3131 tehergam
354 3043 505 3130 migravit
524 3039 705 3132 Staupitiusj
725 3057 762 3108 ut
780 3043 826 3107 ibi
845 3067 883 3124 ex
905 3041 1016 3108 ordine
1029 3046 1231 3106 constitueret

173 3153 366 3235 coenobium
380 3143 632 3238 'Augustianum
653 3173 774 3240 recens⁷
802 3151 896 3217 brevi
915 3161 988 3238 post
1006 3149 1140 3217 Lutheri
1166 3171 1232 3215 no-
1258 3181 1269 3190 ·

172 3266 260 3342 mine
281 3263 457 3325 maximam
477 3262 624 3323 omnium
644 3246 764 3323 famam
784 3246 943 3347 adeptum.
993 3258 1042 3332 In,
1061 3279 1148 3325 nova
1167 3279 1229 3322 au-

173 3383 238 3447 tem
258 3370 433 3447 litterarum
453 3367 559 3445 schola
576 3360 702 3454 primus
730 3369 798 3454 ipse
825 3368 1008 3445 constitutus
1037 3358 1083 3431 est
1109 3363 1230 3435 ordinis

173 3462 342 3567 theologici
363 3479 514 3564 decanus,
544 3498 630 3542 nunc
660 3479 757 3539 etiam
786 3473 904 3539 ordinis
926 3473 1155 3564 Augustiniani
1173 3495 1233 3562 per

175 3609 308 3654 omnem
328 3585 539 3652 Germaniam
559 3584 705 3669 Vicanus
727 3603 752 3650 s.
769 3581 991 3650 Provinciadis.
1031 3581 1135 3648 Tanta
1156 3592 1231 3644 cum

175 3697 270 3762 suerit
288 3697 455 3791 auctoritas
475 3695 539 3762 viri
559 3676 704 3791 primarii
723 3693 807 3756 inter
825 3711 914 3779 suos,
942 3693 998 3778 qui
1017 3711 1092 3754 cum
1111 3707 1233 3755 nomen

176 3826 272 3870 suum
289 3808 325 3869 iu
345 3823 446 3872 novas
450 3785 585 3866 tabulas
606 3778 801 3869 academicae
802 3799 960 3902 inferret,
987 3794 1232 3879 Tuwingensem

180 3911 346 3993 doctorem
363 3933 430 4013 sese
450 3911 608 4000 professus
626 3919 688 4000 est,
708 3906 800 3975 facile
811 3907 943 3996 accidit,
971 3916 1007 3968 ut
1035 3904 1174 3968 maxime
1197 3901 1234 3963 in
