2776 5124
460 444 504 492 tn
524 424 686 495 Cantent
705 423 949 511 Vn,1mtu.
1173 438 1236 501 253

182 593 323 660 leodonis
355 588 532 660 mrieuoes.
560 591 727 681 colligant,
764 603 860 680 atque
886 591 948 661 hoc
978 595 1078 662 modo
1106 617 1241 666 sensum.

176 708 343 793 scriptoris
368 725 489 772 verum
513 723 553 768 es
578 704 753 792 genuinum
780 701 912 767 feliciter
939 725 1032 791 saepe
1057 710 1235 780 restituunt.

181 815 255 878 Hac
279 816 403 894 ratione
430 833 569 899 magnus
593 812 648 877 ille
669 810 856 896 Salmasius,
884 826 921 877 ut
939 816 1085 901 exemplo
1105 822 1236 902 potissi-

178 947 271 991 mum
296 936 368 989 utar
394 943 469 986 cum
495 920 558 986 hac
582 935 691 989 nostra
715 907 808 988 causa
832 925 1104 1007 conjunctissimo,
1133 925 1235 988 Dios-

177 1032 288 1100 coride
312 1029 448 1096 Arabice
475 1052 571 1098 verso
597 1044 747 1108 ususest
772 1030 814 1095 ad
838 1035 953 1096 rectius
978 1031 1236 1118 intelligendum,

177 1154 273 1228 atque
299 1143 396 1204 etiam
425 1136 466 1202 ad
491 1139 715 1225 corrigendum
735 1140 959 1206 Dioscoridem
984 1162 1149 1228 graecum
1180 1152 1232 1204 at-

173 1271 239 1336 que
256 1251 300 1312 ita
320 1269 395 1316 utus
414 1260 462 1313 est
481 1248 630 1333 feliciter,
657 1247 782 1334 utplus
802 1247 892 1312 mille
911 1248 989 1312 locis
1009 1247 1094 1314 hunc
1116 1271 1155 1313 ex
1174 1249 1230 1314 illo

175 1356 340 1422 emendari
358 1361 513 1444 potuisse,
540 1361 609 1444 ipse
625 1354 812 1444 profiteatur
830 1360 865 1421 in
884 1357 1079 1443 praefatione
1105 1357 1232 1424 tabulae

175 1463 301 1532 Cebetis
326 1468 507 1552 praemissa.
552 1464 676 1530 Eadem
702 1467 808 1550 itaque
835 1467 960 1528 ratione
986 1465 1166 1529 adhibenda
1186 1479 1234 1530 est

172 1578 280 1642 versio
313 1579 373 1639 ista
403 1573 543 1639 Arabica
577 1572 619 1635 ad
647 1572 886 1658 expoliendam,
918 1596 937 1636 e
971 1595 1033 1658 qua
1062 1585 1137 1636 nata
1167 1587 1230 1660 est,

174 1679 353 1763 Graecam
387 1680 430 1744 ad
462 1680 621 1746 tollendos
647 1704 686 1747 ex
711 1681 771 1744 hac
798 1681 1003 1744 librariorum
1030 1680 1151 1766 lapsus3
1186 1681 1228 1744 ad

174 1789 292 1854 scholia
320 1810 403 1877 quae
420 1786 506 1851 haud
525 1809 600 1854 raro
619 1791 654 1851 in
673 1801 795 1852 textum
820 1811 838 1852 e
857 1793 1003 1874 margine
1023 1791 1228 1877 irrepserunt,

170 1897 380 1983 eliminanda,
401 1897 511 1984 adea,
532 1918 613 1982 quae
634 1900 822 1984 transposita
843 1909 927 1985 sunt,
950 1899 985 1962 in
1005 1901 1152 1966 nativum
1174 1895 1231 1961 or-

174 2005 486 2093 dinemredigenda.
525 2004 720 2091 Exemplum
741 2004 816 2072 vide
832 2001 993 2070 Proverb.
1005 2009 1067 2091 25,
1084 2013 1137 2093 20,
1157 2005 1229 2070 coll.

171 2113 349 2183 Scbultenr.
377 2117 626 2200 commentario,
647 2113 810 2199 quomodo
831 2112 920 2178 locus
939 2113 1006 2179 τῶν
1027 2107 1046 2180 ὁ
1066 2113 1152 2177 male
1171 2118 1226 2178 in-

170 2223 310 2288 tellectus
345 2245 386 2288 ex
418 2222 556 2288 Arabica
591 2224 739 2288 versione
773 2225 925 2308 potuisset
959 2237 1045 2286 recte
1082 2222 1226 2310 intelligi.

170 2331 245 2399 Hoc
272 2353 354 2400 vero
383 2352 422 2394 eo
448 2332 550 2417 magis
578 2330 899 2395 commemorandum
926 2351 992 2395 esse
1019 2328 1110 2418 duxi,
1140 2354 1217 2417 quo·
1274 2359 1277 2363 ¹

106 2428 111 2435 ⁸
169 2444 258 2505 uiam
290 2437 342 2503 hic
373 2459 447 2502 usus
473 2437 627 2501 Arabicae
656 2442 812 2508 versionis
839 2461 859 2502 a
885 2445 993 2527 paucis
1020 2441 1223 2529 observatus,

169 2554 334 2637 negotium
360 2551 466 2634 ipsum
493 2560 600 2610 autem
626 2561 806 2633 susceptum
831 2547 934 2613 adhuc
957 2549 1017 2614 fuit
1036 2570 1055 2611 a
1075 2538 1223 2629 hemme,

169 2670 204 2721 ut
223 2656 353 2721 haberet
372 2661 477 2745 itaque
495 2659 660 2745 ingenium
680 2657 808 2742 aliquod
828 2662 1035 2743 praestantius
1053 2661 1222 2724 materiam

169 2787 305 2852 novam,
323 2768 359 2831 in
379 2789 442 2854 qua
460 2789 534 2832 cum
550 2767 653 2830 fructu
670 2778 701 2828 et
714 2764 807 2829 laude
823 2778 928 2853 posset
941 2770 1074 2832 versari.
1113 2766 1221 2830 Acce-

168 2873 232 2959 dit,
270 2872 356 2958 quod
384 2895 421 2937 ea
450 2887 497 2939 est
524 2889 635 2940 natura
663 2871 847 2960 linguarum
879 2873 1098 2960 orientalium,
1133 2886 1168 2938 ut
1199 2896 1219 2938 a

169 2979 309 3067 Graeca,
333 2981 448 3047 Latina
467 2982 596 3068 aliisque
611 2981 881 3063 occidentalibus,
901 2981 1014 3066 quibus
1033 3002 1094 3046 nos
1113 2986 1217 3066 apri·
1301 3021 1304 3026 >

166 3111 222 3152 ma
247 3089 321 3153 inde
345 3092 511 3175 juventute
531 3097 753 3178 assuescimus,
780 3097 901 3158 mirum
922 3105 1077 3179 quantum
1098 3091 1217 3156 discre-

167 3210 261 3285 pent,
284 3196 481 3284 habeantque
500 3198 675 3265 verborum
692 3203 938 3266 constructiones
955 3198 1075 3285 oppido
1089 3199 1216 3286 multas,

165 3328 249 3391 quae
267 3309 301 3368 in
321 3305 370 3369 his
388 3319 542 3391 tanquam
563 3305 700 3372 absonae
717 3321 809 3395 atque
825 3308 977 3374 absurdae
990 3307 1077 3372 nulla
1093 3311 1216 3372 radone

111 3479 114 3483 ,
166 3412 243 3475 ferri
267 3425 413 3500 possent,
443 3436 517 3477 cum
542 3417 606 3477 siut
628 3420 662 3478 in
688 3415 751 3480 illis
770 3439 838 3484 non
858 3417 957 3481 modo
977 3436 1036 3480 utu
1053 3428 1214 3501 receptae,

166 3519 221 3583 sed
246 3520 417 3608 elegantiae
444 3525 541 3584 etiam
567 3526 704 3607 speciem
731 3524 891 3609 quandam
916 3522 1033 3587 habere
1053 3535 1214 3607 putentur.

165 3625 246 3690 Jam
274 3649 352 3693 vero
382 3633 409 3692 ti
435 3629 560 3693 accedat
587 3629 628 3691 ad
653 3629 751 3694 libros
771 3631 944 3696 Hebraicos
963 3629 1098 3695 Criticus
1127 3629 1193 3692 talis
1200 3679 1211 3717 ,

161 3739 254 3819 cujus
287 3757 354 3799 non
383 3740 422 3799 sit
455 3736 668 3800 adsuefactam
700 3741 865 3825 ingenium
895 3739 995 3804 indoli
1019 3742 1210 3824 scriptorum

166 3841 394 3923 Orientalium
413 3841 484 3907 fieri
502 3866 577 3907 sane
596 3848 722 3930 nequit,
743 3850 819 3930 quin
839 3849 940 3911 multa
959 3851 994 3911 in
1014 3845 1101 3910 librIs
1116 3847 1211 3910 sacris

163 3948 316 4015 hebraicis
342 3954 404 4036 ipsi
418 3950 601 4023 'obveniant
627 3950 780 4038 absurda,
807 3966 842 4019 ut
867 3968 971 4042 putat,
999 3966 1094 4040 atque
1115 3950 1207 4016 obelo
