2776 5124
255 465 319 523 202
388 451 467 519 Vrrr
481 450 635 518 Miimurr
649 471 796 551 rropruu
811 470 960 518 romnus
976 469 1172 519 scrumosus.

254 622 359 688 denuo
379 626 510 686 vocatus
529 614 572 680 ad
591 615 703 681 famuli
718 616 877 684 officium:
902 636 1070 704 nunquam
1086 637 1105 680 a
1119 615 1309 703 prudentis-

254 734 328 800 simi
352 741 385 796 et
402 728 547 798 veterani
567 725 713 813 Magistri
732 725 830 791 latere
852 725 1012 792 discedere
1030 746 1137 794 novus
1157 724 1211 791 hic
1231 727 1310 792 Do·-

252 863 325 907 mus
345 839 515 925 Magister,
543 834 599 901 sed
626 837 752 922 omnia,
782 857 863 921 quae
885 835 924 898 ad
945 838 1061 922 justam
1083 846 1115 899 et
1131 834 1309 902 salutarem

252 948 514 1038 gubernationem
533 946 740 1031 pertinerent,
760 948 877 1030 partim
897 942 937 1007 ab
954 943 1115 1009 Heilando
1135 948 1222 1032 ipso,
1243 969 1308 1015 ve-

249 1060 309 1124 luti
329 1054 457 1121 oraculo
463 1100 474 1140 ,
494 1074 603 1118 coram
622 1054 786 1138 sciscitari,
806 1055 927 1139 partim
945 1056 1013 1140 ipse
1027 1053 1149 1139 singula
1165 1075 1226 1118 usu
1242 1053 1307 1117 ob-

224 1174 388 1238 servare.
433 1163 582 1250 Cumque
608 1164 756 1250 proximo
782 1164 849 1247 jam
875 1182 961 1226 anno
988 1161 1091 1227 obiret
1114 1160 1307 1249 Heilandus,

247 1280 283 1342 in
298 1276 428 1362 plenam
442 1275 585 1339 muneris
597 1275 829 1360 possessionem
843 1270 928 1337 solus
940 1271 1102 1336 immissus
1115 1283 1173 1338 est.
1204 1271 1305 1335 Nunc

248 1385 378 1452 Ethicae
397 1406 525 1471 quoque
544 1383 713 1470 professio,
737 1381 866 1450 volente
887 1380 1021 1467 Senatu,
1050 1379 1200 1465 Principe
1222 1399 1304 1464 pro-

245 1495 357 1581 bante,
379 1514 453 1556 cum
473 1490 633 1557 Senatoris
653 1491 826 1557 academici
845 1491 996 1576 dignitate
1015 1491 1050 1554 in
1070 1511 1146 1552 eum
1165 1489 1304 1552 transiit.

247 1603 290 1669 Et
310 1623 385 1666 curn
403 1603 511 1687 paucis
530 1615 603 1687 post
622 1604 714 1667 annis
733 1600 856 1689 Organi
875 1597 1066 1663 Aristotelici
1084 1596 1180 1660 lectio
1200 1616 1302 1664 vaca-

247 1724 312 1797 ret,
342 1709 430 1775 idem
448 1707 599 1773 Andreae
619 1707 772 1793 Planero,
800 1732 930 1775 summo
957 1721 1083 1775 tumet
1108 1706 1304 1795 philosopho

248 1832 280 1883 et
304 1817 448 1903 medice,
477 1838 636 1882 successor
662 1822 848 1884 constitutus
873 1830 929 1884 est.
969 1817 1078 1904 Atque
1097 1819 1133 1880 in
1153 1816 1213 1880 hac
1233 1828 1302 1881 sta-

244 1930 332 1991 tione
357 1926 490 2011 perstitit
516 1947 574 2011 per
599 1926 760 2012 reliquum
785 1929 871 1994 vitae
895 1939 1032 2012 tempus.
1073 1925 1199 2010 Organi
1218 1945 1302 2011 pro-

243 2034 336 2098 fessio
364 2055 439 2096 cum
459 2032 616 2097 Senatorii
642 2045 674 2098 et
692 2032 909 2121 Philosophici
929 2034 1052 2100 ordinis
1076 2033 1231 2119 dignitate
1257 2030 1300 2096 ad

244 2138 425 2206 extremum
445 2145 530 2209 vitae
550 2143 677 2208 mansit.
718 2141 773 2230 Ab
793 2140 905 2207 Ethicai
926 2163 1025 2227 veru,
1050 2136 1120 2206 eta
1137 2139 1300 2226 Stipendii

242 2247 413 2335 theologici
434 2249 677 2337 gubernatione,
706 2250 877 2316 clementer
896 2269 956 2314 nec
975 2251 1042 2315 sine
1062 2249 1172 2336 amplo
1191 2247 1302 2312 dona·-

242 2359 329 2440 tivo,
348 2356 496 2421 liberatus
517 2372 563 2421 est
582 2358 667 2422 haud
686 2359 787 2423 multo
803 2370 949 2445 tempore
965 2369 1040 2421 ante
1053 2356 1187 2442 obitum,
1208 2355 1300 2443 quod

245 2477 276 2529 et
296 2476 395 2527 aetate
416 2476 447 2527 et
465 2463 641 2554 laboribus,
661 2474 742 2552 quos
761 2466 828 2532 fere
847 2488 948 2532 annos
963 2467 1091 2553 triginta
1107 2477 1138 2530 et
1153 2487 1209 2528 sex
1225 2487 1298 2530 sus-

241 2576 391 2657 tinuerat,
427 2593 529 2657 prope
559 2572 725 2638 exhaustus
754 2588 843 2640 esset.
893 2573 983 2641 Obiit
1009 2595 1120 2638 mense
1146 2575 1299 2660 Augusto

242 2684 321 2746 anni
345 2701 439 2766 supra
463 2680 668 2744 millesImum
692 2686 909 2749 sexcentesimi
930 2687 1074 2753 vicesimi
1098 2686 1190 2771 sexti,
1222 2706 1300 2748 cum

238 2810 362 2856 annum
387 2792 494 2853 aetatis
523 2793 753 2877 sexagesimum
781 2804 905 2857 sextum
930 2814 996 2857 uno
1024 2793 1146 2856 circiter
1177 2816 1295 2859 mense

241 2909 430 2982 superasset3
458 2897 537 2962 obiit
556 2912 736 2985 opportuno
755 2912 915 2987 tempore,
943 2905 1044 2970 evasit
1062 2900 1297 2967 luctuosissima

241 3016 388 3090 tempora
413 3003 489 3069 belli
507 3007 702 3096 tricennalis,
732 3008 818 3093 quod
838 3007 1037 3095 Stipendium
1060 3007 1295 3097 theologicum,

241 3113 346 3177 immo
371 3125 403 3176 et
426 3112 567 3178 scholam
590 3120 789 3198 universam,
819 3116 859 3183 de
876 3119 1075 3181 ornatissima
1093 3116 1294 3203 conditione,

242 3241 340 3305 quam
365 3221 455 3285 nullo
481 3236 626 3310 tempore
652 3245 785 3291 omnem
804 3227 1020 3312 recuperavit,
1043 3226 1160 3291 misere
1180 3223 1296 3290 detur-

241 3326 332 3398 bavit
350 3350 388 3394 ac
406 3330 473 3398 fere
492 3332 534 3397 ad
552 3336 661 3398 incitas
679 3331 812 3420 redegit.

652 3605 871 3630 an*-
