2776 5124
249 1176 421 1266 Superiore
444 1196 530 1244 anno
553 1179 593 1242 da
615 1175 778 1262 Stephano
804 1176 976 1240 Gerlachio
998 1177 1218 1263 quumverba

163 1283 322 1374 facerem,
350 1287 430 1350 illud
455 1289 597 1351 maxime
617 1282 778 1373 agendum
796 1286 925 1371 putavi,
956 1297 992 1349 nt
1019 1285 1219 1374 intelligere-

166 1405 240 1473 tur,
261 1408 403 1477 quonam
423 1405 556 1455 auctore
575 1391 632 1476 ogi
652 1390 831 1474 coeperint,
850 1411 913 1473 quo
933 1390 1029 1453 modo
1048 1393 1221 1478 animoque

163 1497 315 1582 deinceps
330 1507 404 1559 octa
421 1498 501 1579 sint,
521 1518 606 1580 qnae
625 1507 702 1558 sunt
721 1505 796 1557 acta
819 1494 859 1556 de
877 1493 1033 1579 religione
1055 1497 1141 1560 inter
1157 1497 1220 1562 Pa-

165 1605 347 1668 triarcham
382 1627 523 1692 graecae
560 1601 712 1666 ecclesiae
740 1598 1150 1684 Constantinopolitomrm,
1189 1616 1222 1667 ct

172 1705 354 1796 Theologos
378 1710 602 1796 Tubingemes.
645 1706 688 1772 In
709 1703 822 1794 quibus
843 1725 918 1768 cum
936 1726 1126 1793 permagnos
1145 1730 1225 1794 par-

164 1829 213 1882 tes
241 1815 387 1881 habuerit
416 1815 555 1879 lacobus
575 1815 787 1896 Heerbrnnd,
816 1826 888 1877 tum
918 1814 1078 1900 professor
1098 1815 1225 1881 theolo-

166 1928 254 2012 giae,
290 1937 412 2011 ,postea
442 1922 590 1988 ecclesiae
616 1921 818 2008 Praepositus
845 1920 1033 2007 scholaequc
1060 1921 1227 1990 Cancella-

167 2036 252 2118 rius,
285 2035 392 2098 visum
421 2042 485 2118 est,
513 2033 549 2095 ni
574 2051 673 2117 grave
693 2033 733 2093 sit
751 2027 871 2118 Vobis,
899 2029 1073 2118 auditores,
1102 2031 1225 2120 diguis-

170 2144 246 2204 simi
266 2142 331 2207 viri
352 2161 438 2204 nunc
459 2139 599 2203 recolere
619 2138 822 2203 memoriam.

255 2265 363 2329 Patria
382 2285 457 2328 usus
476 2274 523 2328 est
543 2261 687 2350 Gienga,
716 2259 818 2328 libera
837 2273 908 2328 tum
929 2262 1122 2333 Germaniae
1142 2271 1226 2338 civi-

169 2384 244 2461 tate,
264 2394 352 2437 nunc
371 2373 547 2456 municipio
563 2369 875 2459 Wiirttembergico,
895 2370 942 2435 ibi
961 2385 1053 2440 natus
1073 2376 1116 2441 A.
1136 2384 1227 2445 1521.

177 2490 228 2547 12.
241 2481 346 2568 Aug„
375 2492 464 2566 patre
491 2477 624 2565 opifice,
657 2490 795 2577 textore,
828 2501 896 2544 non
916 2494 1025 2546 tamen
1051 2483 1227 2550 litterarum

172 2589 264 2673 rudi,
292 2610 352 2652 nec
371 2587 543 2651 latinarum
563 2599 708 2672 experte,
744 2607 846 2672 eoque
865 2590 933 2673 jam
952 2588 1075 2653 imbuto
1094 2591 1228 2657 Lutheri

174 2700 335 2783 doctrina,
355 2718 394 2760 ex
412 2693 499 2758 libris
520 2695 586 2780 ejus
606 2693 694 2758 lectis
713 2693 834 2759 hausta:
854 2709 1048 2782 quapropter
1068 2711 1099 2762 et
1114 2711 1227 2764 natum

175 2806 266 2893 pater
294 2826 314 2867 a
333 2805 449 2886 teneris
480 2805 523 2866 ita
550 2804 700 2889 instituit,
738 2814 775 2865 ut
809 2823 915 2868 sacrae
948 2801 1127 2890 Scripturae
1157 2808 1230 2873 loca
1318 2816 1322 2825 ‘

174 2915 346 3002 praecipua
373 2913 547 2975 memoriae
578 2907 724 2996 infigeret
758 2908 951 2997 haberetque
978 2926 1098 2998 parata.
1143 2914 1229 2982 Octo

176 3021 243 3086 fere
259 3042 418 3086 annorum
433 3040 515 3105 puer
529 3029 654 3104 patrem
668 3019 851 3104 comitatus,
871 3040 951 3105 opus
966 3025 1137 3085 textorium
1151 3045 1229 3109 per-

177 3129 334 3195 ferentem
351 3127 552 3213 Medliugam
571 3110 606 3190 iri
626 3130 856 3190 monasterium
874 3130 1038 3216 virgiuum
1054 3151 1232 3220 sacrarum,

179 3236 221 3302 ab'
240 3236 408 3302 Abbatissa
427 3234 488 3299 sibi
508 3234 651 3298 oblatum
670 3235 913 3317 munusculum,
944 3236 1118 3304 Rosarium
1144 3239 1232 3327 quod

182 3345 313 3431 dicitur,
332 3344 474 3408 modeste
494 3345 668 3423 recusavit,
688 3363 845 3432 asserens,
866 3364 973 3431 preces
989 3343 1091 3409 facere
1108 3366 1141 3410 se
1154 3368 1231 3433 pos-

182 3475 233 3540 se,
255 3456 351 3515 etiam
370 3472 439 3515 non
456 3447 637 3536 numeratis
657 3448 718 3514 illis
737 3450 777 3514 ad
793 3452 965 3517 orbiculos:
988 3475 1125 3541 cumque
1139 3455 1232 3522 Con-

182 3561 328 3625 fessarius
355 3548 695 3624 monasterii‘vocatus
719 3567 858 3647 graviter
885 3565 1062 3650 increparet
1081 3587 1238 3656 puerrnn‚

185 3668 307 3734 dicens:
333 3680 369 3731 tu
388 3666 559 3751 haeretice,
586 3667 643 3731 vix
661 3678 752 3732 utero
772 3683 917 3735 materno
938 3673 1150 3759 exclames,
1177 3694 1236 3738 cur

185 3779 307 3862 respuIs
335 3795 451 3840 munus
477 3771 686 3839 Abbatissaer
722 3789 754 3839 et
782 3777 834 3840 hic
853 3793 1026 3866 regereret:
1062 3785 1135 3866 quia
1158 3778 1240 3845 nihil

187 3884 332 3973 prodest;
353 3884 525 3951 nonenim
543 3893 632 3968 pater
647 3882 787 3950 coelestis
798 3891 956 3974 praecepit
973 3909 1146 3952 numerare
1160 3909 1238 3975 pre-

975 3992 1032 4062 9*
