2776 5124
503 455 570 505 are
589 434 881 511 Turratenses.
1031 452 1038 468 “
1177 459 1215 521 55

162 603 344 669 litterarum
362 603 399 668 in
417 601 593 668 Germania
610 607 728 692 juvisse
745 628 783 671 ac
800 611 1025 698 promovisse,
1045 634 1083 676 ex
1103 636 1141 679 eo
1162 616 1217 681 in-

163 713 298 802 telliges,
319 712 405 798 quod
424 711 553 779 biennio
572 718 628 781 vix
648 714 766 804 elapso,
787 738 982 802 quamquam
1002 731 1032 785 et
1052 717 1216 786 Oecolam-

164 818 261 904 padir'
279 841 419 904 graecae
439 819 643 884 litteraturae
663 822 836 908 dragmata
855 845 942 888 nune
962 840 1111 917 extarent,
1130 851 1218 896 nova

167 924 316 1012 ejusdem
334 927 430 992 editio
450 929 590 1015 paranda
602 943 691 997 esset.
730 932 848 1002 Novae
859 937 991 1001 editioni
1002 959 1125 1005 noram
1134 959 1220 1023 quo-

169 1055 232 1121 que
251 1033 480 1120 praefationem
499 1041 661 1123 praemisit
675 1053 806 1130 auctor,
833 1055 896 1132 qua
920 1044 1152 1113 modestissime
1179 1043 1219 1108 de

171 1165 227 1208 sua
250 1164 347 1230 opera
366 1148 472 1220 statuit
490 1143 541 1219 his
558 1145 681 1225 verbis:
982 1147 984 1151 ’

254 1249 411 1339 „Semper
423 1255 542 1340 optavi,
553 1253 687 1345 libellos,
695 1277 774 1342 quos
789 1257 829 1323 de
840 1263 961 1326 ratione
971 1283 1101 1348 graecae
1109 1282 1220 1349 gram-

172 1367 304 1429 maticae
325 1360 488 1447 quondam
507 1362 604 1451 edidi,
619 1369 732 1452 perire,
752 1373 868 1457 quippe
884 1392 963 1456 quos
976 1357 1221 1455 conscripsimus

174 1485 202 1536 et
219 1474 313 1560 pueri
330 1471 396 1535 iere
414 1483 446 1545 et
463 1475 580 1559 pueris,
594 1494 680 1557 quos
699 1474 757 1543 illo,
774 1465 919 1562 tempore
942 1481 1102 1565 privatim¹
1122 1476 1220 1539 doce-
1255 1544 1257 1551 p

175 1580 297 1648 hamus.
337 1581 378 1645 Et
397 1585 562 1666 perissent
581 1580 628 1658 illi
648 1580 788 1670 quidem,
808 1596 843 1653 ut
863 1585 950 1672 digni
969 1598 1068 1672 erant,
1088 1588 1148 1648 nisi
1166 1604 1221 1646 me
1307 1600 1309 1603 ·

176 1688 278 1754 denuo
298 1693 433 1775 ineptIre
451 1693 600 1775 co'e'gIsset
621 1673 836 1778 Chalcotypus
857 1705 888 1769 et
906 1707 1028 1760 veteres
1048 1696 1154 1757 ruiaas
1166 1694 1221 1752 in-

175 1795 492 1884 staurare“-Atqui
511 1798 588 1860 haec
607 1803 675 1883 ipsa
695 1799 793 1870 editio
810 1805 990 1888 saepissime
1010 1815 1041 1865 et
1053 1798 1222 1886 quotannis

175 1907 237 1970 lere
257 1911 390 1992 repetita
409 1911 622 2005 principatum
640 1906 777 1981 obtinuit
797 1911 832 1973 in
852 1904 965 1975 scholis
984 1931 1042 1997 per
1059 1912 1222 1992 integrum

175 2015 272 2081 ferme
293 2015 446 2092 seculum,

256 2125 344 2188 Tam
362 2129 506 2189 eminens
523 2135 555 2197 et
578 2123 754 2200 secundum
778 2145 852 2193 eum
880 2138 958 2190 esset
976 2124 1223 2188 Mnmncnmo·

176 2253 229 2300 urs
249 2237 427 2321 ingenium,
446 2247 482 2299 ut
503 2237 568 2319 ipse
589 2231 741 2303 Erasmus
758 2234 825 2318 jam
843 2255 928 2303 anno
951 2236 1028 2302 1515
1042 2231 1167 2318 publice
1182 2228 1222 2293 de

176 2365 212 2407 eo
232 2345 452 2430 pronuntiaret
471 2345 532 2415 sice
551 2340 619 2428 „At
637 2341 746 2413 Deum
765 2341 997 2428 immortalem,
1031 2364 1127 2428 quam
1154 2361 1223 2404 non

175 2474 265 2539 spem
286 2453 326 2516 de
345 2474 378 2516 se
395 2448 526 2539 praebet
544 2448 720 2521 admodum
747 2452 843 2514 etiam
871 2450 1051 2522 adolescens
1079 2471 1116 2512 ao
1142 2469 1223 2535 puer

175 2582 285 2647 paene,
306 2560 403 2624 Pam.
422 2560 680 2638 Mnmncmnon,
700 2570 833 2644 utraque
864 2557 1037 2622 litteratura
1063 2579 1164 2646 paene
1185 2576 1224 2619 ex

175 2690 277 2755 aequo
297 2667 525 2754 suspiciendus!
547 2667 633 2752 quod
653 2669 847 2738 inventionis
866 2676 1015 2740 acumen!
1045 2687 1127 2752 quae
1154 2685 1224 2728 ser-

175 2781 282 2842 monis
309 2781 428 2862 puritas
457 2788 489 2840 et
516 2775 685 2861 elegantia!
716 2788 832 2860 quanta
856 2777 1091 2840 reconditarum
1115 2794 1225 2837 rerum

175 2889 348 2949 memoria!
370 2906 467 2969 quam
486 2886 576 2955 varia
585 2883 697 2956 lectio!
719 2904 816 2969 quarn
829 2883 1046 2969 verecundiae,
1057 2885 1223 2968 regiaeque

177 3014 306 3081 prorsus
331 2991 446 3060 indolis
473 2991 622 3060 festivitas
632 2987 662 3063 ξι(
687 3027 731 3048 -=
758 2993 880 3057 mirum
907 3013 982 3056 sane
1005 2990 1108 3065 videri
1133 2987 1226 3051 debet

176 3105 310 3187 nemini,
329 3098 621 3186 Melanchthonem,
643 3121 839 3186 quamquam
860 3098 1100 3182 adolescentem,
1127 3117 1226 3182 expe-

177 3216 271 3276 titum
291 3211 385 3275 fitisse
404 3208 444 3274 ab
465 3207 775 3296 Iogolstadiensihus,
796 3207 885 3273 nullo
905 3220 1013 3270 tamen
1034 3216 1161 3271 eventu.

264 3319 387 3404 Atqui
412 3316 711 3406 Ingolstadiensihus
737 3340 812 3386 eum
837 3326 989 3403 negasset,
1016 3314 1227 3379 Reacnmaus

179 3427 264 3493 haud
284 3429 393 3491 animo
413 3427 621 3513 praesagiens,
640 3438 740 3490 semet
758 3428 863 3506 ipsum
884 3424 977 3491 brevi
996 3420 1225 3510 Ingolstadium

180 3557 247 3603 esse
265 3539 486 3623 migraturum,
507 3545 619 3620 sponte
639 3532 778 3599 eundem
798 3533 911 3599 obtulit
927 3530 1228 3617 commendavitque

181 3641 346 3706 Friderieo
368 3640 494 3704 Saxoni
513 3640 670 3730 Electori,
691 3644 853 3729 quaerenti
880 3665 920 3707 ex
945 3642 1142 3706 Rrocnmrto
1166 3659 1226 3724 per

180 3747 313 3834 litteras,
343 3758 464 3812 essetne
488 3746 619 3836 aliquis,
655 3772 751 3836 quem
786 3753 906 3816 recenti
936 3771 1011 3815 suae
1037 3744 1228 3812 Academiae
1287 3818 1292 3823 ⁵

181 3855 433 3945 Wittebergensi
464 3856 635 3943 adjungere
664 3873 778 3946 posset,
811 3858 852 3923 ad
886 3878 1012 3944 graecas
1039 3854 1084 3918 ihi
1110 3852 1227 3918 litteras

181 3962 356 4032 tradendas.
405 3966 521 4032 Extant
540 3967 659 4032 litterae
679 3967 864 4033 Rruonrmr
887 3961 1095 4052 Stuttgardiae
1116 3966 1151 4027 in
1171 3965 1225 4027 vi-
