2776 5124
174 457 214 531 14
445 445 651 513 Eutroars
690 447 939 520 Pnanrarro.

108 642 109 647 ¹
169 613 376 699 Biiscnmcrr,
396 609 534 701 quorum
556 611 611 677 ille
631 611 677 680 ill.
703 611 865 698 Sroscnro,
885 614 1093 688 bibliothecae
1113 627 1221 713 regiae

167 722 336 810 praefecto,
353 724 396 786 ita
417 743 471 786 nte
497 722 745 812 commendavit,
767 738 803 789 ut
823 746 891 790 non
909 725 1015 793 solum
1035 731 1157 797 aditum
1178 737 1220 801 ad

166 832 394 920 bibliothecam·
401 828 634 919 quotidianum,
646 833 704 898 sed
714 845 872 904 matorum
884 839 980 901 etIam
989 837 1034 902 ibi
1044 847 1220 910 extantimn

166 967 262 1011 nsum
283 942 491 1007 libentissime
511 940 591 1004 mihi
609 941 810 1010 concederet:
832 943 983 1012 hisvero
1007 945 1220 1018 domesticum

167 1057 257 1141 quasi
268 1074 307 1116 ac
318 1053 414 1145 glane
430 1047 622 1115 familiarem
637 1071 747 1116 secum
760 1073 828 1119 esse
842 1053 957 1121 voluit.

249 1161 403 1228 Berolino
428 1162 601 1251 discedens,
626 1163 669 1227 ad
693 1163 834 1228 Batavos
853 1164 914 1226 iter
936 1161 1047 1232 direxi.
1088 1165 1220 1234 Substiti

165 1272 311 1356 primum
323 1269 444 1358 Barbii,
463 1284 499 1334 ut
512 1284 583 1334 tum
598 1270 916 1337 Herrnhutianorum
929 1287 1019 1338 sacra
1033 1288 1127 1362 atque
1142 1282 1221 1344 ritus

166 1401 402 1467 cognoscerem,
423 1392 493 1442 tum
512 1391 547 1441 ut
571 1399 590 1442 a
607 1378 738 1444 Pildero
757 1379 909 1467 quodam,
935 1383 992 1467 qui
1010 1383 1220 1476 invAegypto

166 1486 322 1553 Arabicae
337 1487 470 1573 linguae·
481 1507 654 1572 rerumque
669 1489 872 1554 orientalium
885 1494 1031 1555 notitiam
1048 1490 1110 1557 sibi
1125 1515 1220 1557 com-

165 1595 390 1684 paravithaud
407 1593 615 1684 mediocrem,
639 1590 730 1667 varia
751 1591 937 1667 ediscerem.
981 1599 1220 1666 Helmstadium

164 1719 274 1794 postea
287 1705 427 1791 perrexi,
434 1703 652 1772 Brunsvicum
676 1718 708 1769 et
723 1706 944 1796 Hanoveram,
967 1709 1216 1778 undecontinuo

164 1818 278 1879 itinere
291 1810 571 1878 Amstelodamum
590 1817 737 1898 perveni.
779 1813 828 1877 Ex
844 1814 903 1879 hac
916 1815 996 1881 urbe
1018 1817 1104 1883 hunc
1122 1844 1221 1908 prae-

164 1927 296 2011 cipuum
309 1920 448 1986 fructum
462 1918 640 2005 deportavi,
655 1919 742 2005 quod
753 1924 927 1987 amicitiam
939 1923 1020 1988 mihi
1031 1934 1222 2012 comparavi

165 2030 265 2127 celeb.
288 2034 323 2095 in
347 2028 508 2094 academia
525 2026 795 2094 Harderovicensi
815 2030 1220 2126 profiEvnnu.Scnr1otr,

164 2164 225 2230 per
238 2141 330 2205 ferias
346 2141 382 2202 in
395 2135 475 2202 urbe
492 2135 641 2222 degentis,
655 2137 720 2201 viri
733 2135 907 2202 doctissimi
925 2153 1019 2227 atque
1032 2140 1073 2205 ad
1082 2164 1216 2228 promo-

164 2248 308 2318 vendam
328 2246 539 2312 litteraturam
560 2246 673 2310 orient.
695 2241 848 2334 doctrina,
866 2248 979 2337 studio,
1001 2251 1145 2319 subsidiis
1166 2258 1248 2350 in-,

162 2357 374 2441 'structissimi,
401 2352 518 2418 Leidae
542 2350 790 2418 Senurrnnsmn
817 2354 881 2418 adii
913 2369 945 2421 et
970 2357 1222 2450 Ronmmnrr,

164 2463 249 2531 VV.
273 2461 350 2551 CC.,
377 2461 492 2549 ‘Hagae
511 2458 677 2525 Comitum
703 2483 728 2527 s.
759 2484 827 2528 rev.
854 2462 1044 2530 Bnnnnruor
1069 2469 1220 2554 salutati3

169 2573 309 2660 Traiecti
336 2569 434 2638 celeb.
454 2569 524 2636 San.
543 2569 685 2635 Rarmu
709 2568 751 2634 ob
774 2572 868 2638 terias
890 2574 1092 2659 academicas
1105 2579 1222 2649 frustra

156 2685 322 2770 quaesivi.
415 2765 417 2768 Α
535 2767 538 2775 ,

251 2792 453 2857 Britanniam
467 2789 609 2876 tandem,
628 2794 715 2876 cujus
727 2791 886 2859 videndae
901 2796 969 2881 jam
986 2816 1005 2859 a
1021 2797 1130 2862 multis
1145 2799 1222 2865 inde

168 2905 259 2966 annis
274 2900 426 2988 singulari
440 2899 579 2986 quodam
590 2898 745 2965 desiderio
759 2902 993 2992 laboraveram,
1005 2927 1080 2967 cum
1089 2905 1222 2972 felleiter

124 3056 128 3060 ,
167 3013 338 3097 attigissem
353 3008 466 3072 Mense
479 3007 564 3094 Aug.
579 3030 633 3073 an.
648 3008 771 3098 LXIX,
786 3033 858 3074 eam
880 3013 961 3076 mihi
981 3013 1086 3101 legem
1101 3019 1224 3104 scripsi,

167 3133 205 3184 ut
219 3119 299 3184 nihil
314 3121 624 3206 praetermitterem,
638 3118 724 3205 quod
744 3120 784 3183 ad
802 3143 909 3185 meam
926 3120 972 3185 ibi
990 3128 1223 3187 commoratio-

165 3252 257 3317 nem,
272 3240 470 3294 summosam
489 3227 642 3314 profect0,
657 3227 826 3292 salutarem
839 3251 967 3315 quoque
979 3250 1015 3292 ac
1027 3229 1222 3296 fnrctuosam

165 3337 364 3407 reddendam
379 3335 481 3400 facere
498 3333 616 3421 aliquid
628 3348 742 3421 posset.
768 3335 881 3400 PrImo
895 3339 1003 3423 igitur,
1023 3350 1059 3400 ut
1068 3339 1223 3439 lInguam,

81 3467 84 3474 ·
167 3457 323 3533 quantum
334 3442 407 3508 fieri
425 3455 540 3530 posset,
560 3443 840 3508 familiarissimam
852 3444 932 3508 mihi
944 3444 1123 3534 redderem,
1137 3469 1221 3534 pro-

166 3557 251 3619 tinus
273 3555 383 3619 secessi
398 3555 433 3615 in
448 3572 569 3638 pagum
586 3552 747 3638 quendam
766 3549 916 3616 Londino
934 3557 1088 3642 vicinum,
1102 3555 1221 3644 ibique,

166 3659 334 3727 accedente
349 3658 390 3723 ad
404 3661 633 3725 institutionem
646 3665 789 3747 magistri
807 3666 957 3726 continuo
976 3683 1037 3726 usu
1052 3676 1146 3749 atque
1160 3685 1221 3727 ex-

98 3775 101 3779 ’
167 3773 295 3850 ercino,
320 3768 413 3836 brevi
428 3780 572 3855 tempore
586 3781 711 3832 tantum
734 3770 872 3857 profeci,
902 3784 939 3836 ut
958 3793 1033 3836 cum
1055 3770 1222 3838 Britannis

166 3878 396 3944 Britannorum
412 3897 468 3942 ore
481 3877 620 3965 colloqui
631 3876 722 3941 facile
734 3883 905 3964 potuerim.
947 3878 1087 3946 Londini
1109 3895 1235 3968 postea,

167 4003 204 4055 ut
226 3987 424 4075 frequentare
446 3988 586 4076 quotidie
617 3982 784 4076 potuerim
805 3991 1037 4077 amplissimam
1067 3989 1222 4076 iustisque
