2776 5124
399 451 614 517 Wrnnrnnus
637 454 833 523 Scarcnann.
1076 467 1131 526 167

82 611 277 698 intelligitur.
324 610 366 676 Et
391 613 516 680 videtur
542 617 595 680 ille
622 618 713 684 nobis
741 621 825 685 haud
851 625 1012 687 minorem
1040 644 1133 687 corn-

85 719 324 783 meudationem
343 717 458 786 habere
481 744 576 809 quam
599 725 742 791 doctriua·
762 734 825 793 viri
846 743 939 816 atque
958 733 1145 817 ingenium.¹
1234 794 1240 809 ,

83 828 163 892 Erat
191 831 334 914 primum
362 831 397 891 in
427 851 466 893 eo
495 855 611 920 magna
635 835 699 898 Dei
731 842 908 903 reverentia
938 860 973 900 ac
998 839 1134 904 tuendae

83 936 246 1022 religionis
267 939 450 1002 constantia.
493 937 578 1004 Cum
599 965 707 1009 mense
726 941 814 1029 Sept.
830 950 908 1008 1630
929 944 1132 1032 Berneggero

83 1044 284 1134 significaret,
307 1043 409 1109 ablata
429 1069 494 1126 esse
509 1037 671 1119 Coenobia
691 1065 722 1115 et
741 1065 889 1138 occupata
908 1053 1132 1141 aPontificiis',

84 1153 165 1217 haec
188 1152 292 1245 addit:
328 1152 420 1242 „Ego
442 1159 534 1221 tacite
551 1181 680 1222 mecum·
693 1161 839 1244 consilia,
866 1183 948 1246 quae
965 1161 1021 1223 tibi
1035 1185 1133 1225 reve·
1197 1188 1204 1221 s

83 1261 152 1325 lare
171 1262 218 1326 nil
239 1261 362 1350 dubim,
392 1268 509 1351 agitare
530 1287 640 1352 cogor,
667 1264 706 1328 de
726 1289 847 1335 secessu
866 1273 900 1330 in
920 1268 980 1331 alia
1000 1268 1085 1354 loca,
1106 1273 1134 1331 si

83 1371 246 1458 religionis
273 1392 365 1437 causa
389 1371 441 1436 hic
463 1379 583 1439 morari
604 1373 718 1437 diutins
738 1397 805 1439 non
825 1397 965 1460 possem..
1001 1375 1133 1440 Caetera

84 1482 173 1543 enim
193 1483 359 1568 universa,
379 1487 585 1567 quantumvis,
598 1481 693 1566 dura,
713 1480 823 1545 lubens
838 1487 1011 1568 perpetiar,
1031 1505 1133 1545 unum

83 1589 147 1652 hoe
166 1588 272 1653 salutis
291 1602 322 1654 et
342 1595 548 1653 conscientiae
568 1594 747 1674 negotium,
772 1589 826 1654 vel
847 1588 887 1652 ad
904 1603 1060 1654 extremos
1079 1613 1132 1652 me

84 1695 299 1761 Garamantas
315 1697 444 1784 fugabit.
467 1736 511 1753 --
538 1697 684 1784 Superest
704 1697 821 1782 aliquid
841 1703 1013 1782 praesentIs
1032 1721 1153 1785 pecu-y

84 1806 211 1891 niolae,
230 1827 294 1893 quo
311 1828 444 1872 uxorem
460 1820 491 1871 et
504 1818 526 1878 4
538 1805 656 1869 liberos
672 1804 800 1872 biennio
815 1808 935 1869 circiter
951 1806 1035 1872 alere
1051 1829 1131 1871 con-

82 1912 171 2000 fido,
198 1913 298 1978 donec
315 1914 407 1978 Deus
426 1915 515 1981 aliter
534 1910 733 2000 prospiciat“.

168 2022 296 2090 DeInde
321 2027 440 2088 eratin
462 2022 517 2085 illo
538 2020 671 2089 mirifica
691 2021 846 2106 quaedam
866 2026 964 2090 animi
985 2020 1130 2105 aequitas

84 2143 117 2194 et
144 2135 235 2216 quasi
258 2128 391 2194 firmitas
414 2137 448 2194 in
475 2128 571 2197 rebus.
587 2130 726 2197 adversis
747 2152 814 2194 non
835 2137 940 2194 minus
962 2153 1058 2214 quam
1078 2140 1132 2191 se-'

84 2239 207 2306 cundis.
249 2239 395 2325 Iniquius
412 2240 541 2324 quidem
561 2240 652 2302 initio
678 2236 796 2309 ferebat
815 2237 975 2322 repulsam
996 2237 1035 2300 ab
1056 2258 1132 2299 aca-

85 2345 212 2410 demico
230 2359 340 2412 senatu
361 2347 467 2411 latam.
511 2345 669 2409 Sedmox
685 2343 725 2410 ad
746 2365 779 2409 se
799 2344 906 2408 rediit:
934 2358 1016 2410 extat
1034 2349 1130 2408 etiarn

84 2454 242 2541 Keppleri
263 2455 303 2518 ad
323 2455 415 2519 illum
436 2455 583 2540 epistola,
610 2452 742 2527 inedita,
764 2465 850 2517 tanta
871 2475 944 2516 cum
965 2453 1131 2538 prudentia

84 2559 127 2624 ad
146 2560 330 2626 leniendum
350 2566 443 2629 amici
467 2567 611 2632 animum
631 2566 819 2648 conscripta,
843 2575 878 2625 ut
894 2585 930 2626 ea
946 2564 1025 2627 lecta
1039 2578 1131 2648 turpe

83 2671 151 2735 fere
170 2669 277 2735 brisset
300 2693 367 2736 non
388 2671 490 2742 redire
510 2675 544 2738 in
568 2671 837 2758 tranquillitatem.
878 2671 940 2736 Sed
962 2676 997 2735 in
1018 2671 1130 2735 subse-

83 2784 165 2842 cutis
185 2779 292 2844 multis
308 2784 492 2866 magnisque
507 2780 760 2868 adversitatibus,
788 2781 974 2867 quibuscum
988 2792 1130 2843 extremo

84 2888 172 2954 vitae
191 2887 320 2953 biennio
341 2887 576 2953 conflictabatur
595 2893 678 2975 ipse,
699 2891 801 2953 elucet
818 2893 984 2974 praecipue
1004 2891 1053 2955 vis
1072 2892 1131 2950 ista

85 3015 124 3056 ac
151 2997 336 3079 magnitudo
364 3002 471 3060 animi.
519 2997 611 3059 Bone
637 2999 740 3083 Deus,
772 3010 850 3082 quot
874 2995 960 3060 mala
979 2995 1075 3059 simul
1095 2999 1131 3058 in

83 3102 175 3169 idem
200 3116 292 3188 caput
317 3105 472 3169 incidere!
507 3105 611 3168 Mater
631 3107 791 3168 carissima
811 3107 846 3168 in
867 3104 935 3167 dira
955 3108 1131 3188 irruptione

86 3211 327 3298 Herrenbergae
353 3212 471 3276 duriter
498 3225 645 3300 tractata,
676 3226 712 3276 ut
739 3212 841 3276 obIret
868 3210 1130 3297 envulneribus,

88 3345 108 3386 a
127 3321 228 3385 milite
246 3319 380 3387 inflictis.
429 3319 527 3385 Soror
546 3323 641 3390 etiam
662 3324 813 3407 sauciata,
842 3335 935 3406 atque
956 3320 1130 3412 octodecim

87 3437 167 3495 ictus
193 3441 328 3515 experta.
368 3430 493 3494 Deinde
519 3452 600 3494 uxor
627 3452 700 3494 cum
726 3429 832 3493 liberis
852 3429 932 3491 elata
938 3475 948 3514 >
977 3427 1060 3489 bona
1080 3424 1129 3487 dt.

86 3551 187 3624 repta.
227 3537 301 3623 Ipse
316 3541 350 3600 in
365 3538 456 3602 aedes
470 3538 635 3602 damnatus
651 3542 832 3603 auctoritate
846 3536 987 3602 Senatus.
1016 3535 1131 3598 Postea

88 3646 204 3710 domus
222 3658 351 3732 paterna
367 3645 608 3733 Herrenbergae
627 3645 732 3710 hostili
751 3645 896 3709 incendio
917 3644 1030 3722 deleta3
1050 3663 1131 3727 pro-

88 3757 159 3842 pria
185 3760 279 3821 novis
304 3754 464 3819 funeribus
481 3762 521 3819 'in
548 3754 748 3819 solitudinem
768 3754 906 3832 redacta;
937 3756 1004 3839 ipse
1020 3751 1130 3815 liberis

90 3861 203 3950 orbus,
222 3869 366 3950 extorris,
381 3867 488 3928 amicIs
499 3861 768 3949 familiaribusque
782 3862 1014 3948 reformidatur,
1033 3861 1129 3924 fratre

90 3973 185 4034 unico
212 3976 373 4059 superstite
403 3970 547 4057 quidem,
575 3971 629 4037 sed
652 3971 836 4061 longissime
859 3972 1002 4037 absente?
1036 3968 1128 4034 Bone
