2776 5124
379 431 605 501 Tnmnemsrs
625 452 843 500 nrcrnrronus.
1075 443 1132 503 177

80 597 315 689 gno.1nsolens
331 579 418 662 enim
434 580 580 686 ignaviae
594 608 625 662 et
637 575 753 662 laboris
768 597 1014 688 amantissimus,
1032 621 1129 690 prae-

79 722 131 774 ter
153 706 276 772 labores
297 706 531 796 ecclesiasticos,
561 705 673 793 quihus
697 709 764 790 ipse
779 713 925 798 uacauit,
955 710 1128 796 plurimam

79 815 222 903 profecto
249 837 379 903 operam
404 814 566 906 impendit¹
581 814 654 877 huic
678 815 736 878 sno
756 814 1007 910 Hierophytim,
1034 820 1130 886 nullis
1236 844 1240 853 ‘

80 927 179 989 etiam
196 925 348 990 sumtibus
369 925 500 1014 parcens
519 921 573 990 vel
592 926 626 987 in
647 921 829 986 coemendis
850 925 1044 1016 auctoribus,
1074 907 1129 994 vel

53 1093 60 1110 ,
81 1045 116 1096 et
133 1031 418 1122 plantandoqhorto
433 1031 598 1121 Botanic'o,
619 1030 658 1093 ad
679 1052 775 1115 quem
795 1031 934 1095 studium
946 1033 1010 1126 'hoc
1025 1037 1131 1135 Ipsum

80 1140 256 1206 induxerat.
305 1139 429 1229 Prodiit
417 1152 534 1225 topus
562 1137 640 1230 hoc,
671 1139 712 1202 ad
735 1142 917 1228 exemplum
937 1131 1132 1232 Hierozoici,

81 1248 172 1334 qnod
197 1225 373 1313 immortali
400 1224 558 1310 Bochar'to
589 1223 754 1340 dehemus,
793 1253 1035 1334 concinnatum,
1074 1257 1134 1317 nec'

82 1371 210 1449 tamen
206 1362 288 1443 pari
313 1378 470 1442 successu,
506 1333 644 1442 Traiecti
672 1333 712 1420 ad
738 1290 894 1422 Rhenum
921 1381 1006 1422 anno
1038 1366 1135 1448 1725,Ι

83 1442 212 1573 eodem,
231 1487 294 1551 quc
316 1478 425 1528 auctor
445 1466 542 1550 ipsius
564 1468 662 1530 evita
676 1464 829 1550 ditceasit,
849 1444 1047 1563 laudabiliter
1059 1484 1138 1554 peri

82 1568 205 1656 actum,
236 1572 454 1637 ahsolutumt
442 1586 550 1636 tamen
576 1586 623 1635 est
642 1574 689 1635 s'at
708 1585 908 1666 opportune,
938 1567 974 1636 ἰιι
993 1578 1059 1661 ejus
1079 1582 1135 1643 vi-

83 1682 196 1765 dendi,
219 1687 287 1746 imo
309 1696 340 1746 et
358 1661 557 1768 perlegendi,
580 1658 837 1746 honestissimam
858 1681 1057 1768 voluptatem
1076 1668 1141 1748 frui

83 1802 190 1880 'posset
208 1791 278 1878 'pius
299 1812 409 1871 senex,
440 1793 495 1875 qui
517 1811 590 1852 cnm
610 1789 730 1854 librum
751 1812 770 1853 e
788 1787 936 1883 manibus
958 1785 1141 1879 dimitteret,-
1197 1871 1199 1874 γ
1273 1819 1278 1826 ·

83 1912 126 1966 nt.
148 1897 385 1989 typographum
415 1898 627 1986 experiretur,
659 1890 786 1996 rogavit
805 1898 928 2000 Deum,
961 1899 1058 1964 vellet
1085 1900 1140 1964 ant

82 2007 233 2096 perdere,
254 2013 279 2072 si
298 2006 378 2070 nihil
395 2006 572 2092 prodesset
593 2016 646 2069 aut
660 2007 782 2101 silingi
799 2019 878 2070 esset
892 2005 1030 2094 futurus,
1052 2011 1141 2094 ipse

85 2130 154 2187 met
178 2115 350 2184 secundare
377 2114 515 2178 eundem
541 2127 573 2176 et
597 2119 633 2177 in
655 2113 818 2210 publicum
835 2095 1016 2199 provehere
1037 2114 1140 2180 eccle·

83 2231 150 2292 siae
168 2200 434 2292 emolumentum.
474 2222 553 2286 Rest
541 2235 609 2286 tant
628 2223 689 2286 alia
709 2244 728 2311 a
748 2220 868 2286 Nostro
887 2208 1046 2312 elaborata
1063 2212 1140 2307 quil

85 2312 178 2422 dem,
200 2330 257 2398 sed
277 2337 360 2427 typis
380 2309 527 2394 nondum
547 2309 692 2417 vulgata,
711 2329 801 2397 ¹velut
821 2324 1007 2426 ισοδιιιιαμα
1029 2334 1140 2416 Scrip-

84 2455 175 2507 turae
204 2438 331 2526 Sacrae,
365 2452 397 2502 et
428 2438 607 2501 Thesaurus
634 2436 761 2522 linguae
785 2434 919 2500 Sanctae
942 2416 1139 2502 ‘hermeneu-

84 2554 180 2616 ticusz
221 2555 253 2612 et
272 2556 376 2626 extant
398 2545 528 2636 quidem
548 2545 625 2639 haec
647 2546 839 2637 etiamnum,
881 2542 1016 2630 suntque
1037 2546 1137 2612 oculis

85 2656 215 2722 anobis
241 2667 405 2741 usurpata,
438 2655 494 2718 sed
521 2653 608 2740 quod
635 2645 766 2717 minutis
795 2651 950 2716 schedulis
976 2650 1137 2734 constant3

86 2770 202 2831 misere
219 2785 305 2828 nnnc
326 2762 462 2850 confusIs
481 2745 747 2848 perturbatisque,
776 2762 856 2826 nulli
876 2760 973 2846 porro
995 2757 1067 2823 usui
1084 2760 1141 2823 fu-

85 2887 167 2945 tura
208 2869 314 2956 Atque
334 2869 411 2932 haec
432 2869 562 2953 quidem
581 2882 669 2954 sunt,
687 2892 788 2963 qnae
789 2869 955 2930 doctrinae
976 2889 1049 2932 suae
1064 2885 1142 2931 mo-

85 2991 240 3045 mnnenta
267 2990 339 3064 post
364 2999 397 3041 se
422 2975 550 3063 reliquit
571 2976 729 3063 Hillerus,
759 2978 811 3040 vir
831 2971 951 3038 multae
970 2958 1173 3061 variaeque

86 3088 245 3166 lectionis,
282 3091 338 3171 qui
364 3097 488 3170 tamen,
526 3086 623 3183 quant
624 3106 680 3146 um
710 3082 803 3147 nobis
839 3078 967 3167 quidem
996 3071 1138 3196 videtur,

87 3198 245 3293 memoria
274 3207 366 3279 atque
393 3195 522 3277 ingenio
543 3191 613 3284 plus
635 3164 777 3290 valebat,
807 3210 904 3289 qnam
929 3185 1084 3275 judicii
1061 3197 1141 3255 acu·

87 3307 188 3370 mine.
227 3301 386 3387 Animum
414 3322 494 3367 vero
520 3300 775 3387 rehquamque
765 3297 958 3401 maginem
962 3307 1027 3368 viri
1049 3298 1136 3389 q'nod

88 3398 212 3497 attinet,
239 3382 353 3472 tradita
372 3386 465 3495 nohis
489 3421 562 3472 sunt
582 3431 599 3471 a
619 3422 695 3473 teste
716 3409 832 3472 idoneo
855 3421 948 3494 atque
967 3406 1031 3474 fide
1049 3410 1137 3477 hand

87 3518 221 3605 indigno
247 3515 339 3579 haec.
369 3490 476 3580 Facies
504 3520 575 3584 viro
603 3519 716 3582 decora
742 3538 779 3580 ac
804 3521 927 3606 gravis,
956 3512 1022 3582 vox
1041 3518 1136 3587 virile

89 3625 241 3712 quiddam
261 3645 392 3709 sonans,
412 3599 518 3719 lingua
537 3606 672 3689 minime
687 3628 836 3715 'praeceps
850 3611 1084 3714 elegantiaeque
1097 3633 1133 3695 in

89 3735 183 3798 omni
207 3753 353 3797 sermone
379 3732 619 3814 studiosissima3
650 3747 767 3800 statura
792 3736 975 3825 mediociis,
1003 3739 1132 3805 robusta
1200 3785 1209 3793 -

90 3854 199 3906 tamen
224 3853 254 3903 et
278 3849 397 3924 erecta,
424 3843 561 3904 incessus
585 3853 752 3927 motusque
770 3843 873 3909 lentus
893 3867 930 3909 ac
948 3846 1134 3934 aequabilis,

92 3961 237 4036 totusque
263 3952 448 4036 corporis
429 3947 552 4014 habitus
579 3947 619 4012 ad
644 3947 737 4014 decus
762 3971 799 4014 ac
821 3956 1022 4021 severitatem
1042 3974 1137 4019 com·

858 4048 928 4126 l2
