2776 5124
602 436 789 506 Tnaoroao.
1177 435 1216 499 95

257 609 297 673 In
313 608 417 674 Amos
432 608 621 696 prophetam
635 609 855 670 annotationes
875 602 923 689 (8.
936 605 1004 671 siue
1017 605 1040 675 l.
1053 619 1094 674 et.
1107 609 1163 696 a).

251 716 357 804 Hiob,
377 717 418 781 ad
437 717 620 781 hebraicam
635 719 804 785 veritatem
822 713 1005 802 translatus,
1031 738 1107 781 cum
1128 740 1221 784 com·

294 829 468 890 mentariis.
492 833 522 892 8.
551 824 724 907 (Praefatio
751 825 864 908 scripta
885 828 916 886 3.
932 823 1011 888 Dec.
1036 827 1143 912 1526).

251 937 451 1002 Ecclesiastes
470 934 652 1000 Salomonis
673 955 747 995 cum
768 935 1015 996 commentariis.
1037 937 1066 998 8.
1125 1000 1128 1005 ,

307 1045 366 1128 (in
395 1045 470 1108 edit.
497 1044 626 1129 Hagan.
663 1043 743 1106 1528
774 1036 926 1124 praefatio
960 1043 1076 1127 scripta
1117 1045 1220 1112 Halae

312 1153 523 1234 ·14.Januar.
551 1149 658 1234 1527.)

247 1262 292 1328 {n
306 1247 471 1327 dohannis
492 1258 693 1348 Euangeliou
711 1256 869 1344 Exegesis.
892 1259 924 1323 8.
1008 1273 1010 1277 ·

312 1370 365 1454 (in
394 1370 445 1438 ed.
474 1349 602 1457 Hagan.
639 1370 719 1432 1530
754 1365 854 1452 praef.
881 1366 996 1451 scripta
1019 1364 1124 1438 Halae
1152 1371 1221 1444 Cal,

271 1459 274 1463 ’
310 1479 410 1546 Mart.
432 1476 545 1562 aaut)
1322 1467 1324 1470 ’

163 1590 276 1682 Quam
302 1589 459 1674 plurimos
487 1589 620 1652 lectores
647 1605 716 1650 non
742 1597 875 1671 possunt
900 1606 969 1650 non
997 1585 1141 1655 habuisse
1166 1595 1219 1657 isti

162 1700 251 1781 libri3
279 1702 398 1762 etenim
418 1696 618 1784 siugrdorum
637 1699 762 1780 primae
782 1695 915 1758 editIoni
938 1701 1087 1780 proximo
1114 1705 1220 1765 statim
1237 1690 1240 1699 Α
1279 1706 1280 1710 ’

164 1820 310 1894 tempore
336 1810 482 1871 successit
502 1827 600 1873 nova.
641 1803 799 1868 Lutherus
819 1807 959 1867 maxime
978 1803 1128 1890 probavit
1146 1807 1221 1872 lau-

164 1917 316 2002 davitque
335 1915 507 1980 Brentiana
526 1918 650 2001 scripta.
693 1912 825 1976 Publice
844 1910 922 1975 haec
939 1911 993 1975 ille
1013 1911 1189 1997 professus:

244 2024 314 2111 Ego
340 2046 421 2092 vero
447 2022 487 2087 de
511 2026 573 2087 tuis
594 2020 723 2108 Scriptis
747 2023 792 2085 sie
810 2026 929 2099 senti0,
961 2034 997 2086 ut
1015 2021 1099 2085 mihi
1118 2024 1222 2092 veha-
1278 2089 1284 2100 ,

247 2145 375 2197 menter
387 2131 537 2197 sordeant
551 2150 641 2217 mea,
660 2129 718 2192 ubi
733 2133 794 2193 tuis
808 2133 917 2216 tuique
932 2129 1086 2194 similium
1099 2136 1222 2218 scriptis

247 2254 485 2328 comparantur.
505 2277 549 2292 -
577 2237 657 2302 Non
671 2237 858 2324 Brentium,
878 2237 933 2303 sed
950 2236 1105 2322 Spiritum
1124 2228 1221 2326 prae-

247 2348 337 2434 dico,
358 2353 414 2435 qui
432 2352 468 2412 in
484 2362 517 2413 te
532 2351 677 2432 suavior,
697 2345 869 2432 placidior,
890 2349 1027 2433 quietior
1045 2361 1107 2434 est,
1125 2349 1221 2415 dein·

247 2455 437 2521 dedicandi
462 2456 582 2522 artibus
608 2457 795 2540 instructus,
821 2457 950 2541 purius,
978 2453 1167 2524 luculentius
1188 2471 1221 2525 et

244 2564 375 2630 nitidius
399 2562 486 2652 fluit,
515 2568 621 2650 itaque
647 2566 750 2649 magis
774 2561 872 2626 afficit
891 2578 923 2626 et
943 2562 1083 2630 delectat.
1125 2567 1221 2633 Meus

208 2705 212 2710 ·
247 2695 345 2760 vero,
365 2684 588 2758 praeterquam
609 2670 697 2757 quod
717 2668 835 2746 artibus
856 2669 982 2736 dicendi
1002 2676 1169 2760 imperitus
1188 2689 1221 2742 et

247 2781 403 2867 incultus,
432 2779 513 2845 nihil
539 2783 601 2846 nisi
626 2778 756 2867 sylvam
776 2788 807 2844 et
826 2776 921 2845 cahos
940 2779 1116 2848 verborum
1136 2804 1220 2851 evo-

246 2893 308 2975 mit
328 2889 382 2974 2⁰)
401 2901 434 2954 et
449 2910 535 2975 >quae
555 2901 629 2953 sunt
647 2899 760 2952 cetera.

164 2995 322 3062 Lutherus
358 2999 454 3060 etiam
485 3010 597 3083 sponte
633 3019 689 3062 sua
721 2995 844 3083 primus
875 3017 962 3063 anno
999 2999 1078 3064 1527
1103 2997 1219 3065 *litteris

164 3104 369 3192 compellavit
389 3104 559 3170 Brentium
578 3107 633 3190 21)
653 3105 702 3169 his
721 3103 828 3173 verbis
848 3128 940 3173 usus:

223 3213 318 3302 „Has
343 3214 477 3302 litteras,
505 3213 652 3300 quamvis
675 3211 798 3279 lubenti
818 3224 850 3277 et
869 3225 1060 3301 spontaneo,
1089 3215 1219 3280 extorsit

224 3335 297 3386 tuus
319 3319 512 3409 Spalatinus,
539 3333 575 3385 ut
600 3334 631 3385 et
649 3321 759 3389 litteris
778 3320 950 3389 scribendis
970 3339 1060 3389 tuam
1078 3321 1218 3389 famlia-

197 3561 247 3627 20)
265 3560 299 3613 Iu
316 3558 458 3625 Praefat,
480 3575 567 3630 quain
584 3560 674 3616 refert
688 3561 721 3615 Iu
733 3561 907 3636 Prophetam
922 3563 1028 3632 amos,
1047 3564 1093 3621 Jo.
1106 3565 1216 3624 Brentii

233 3652 396 3724 Expositio.
426 3653 651 3726 Wittembergae
673 3659 748 3714 1530.
766 3658 794 3714 8.

267 3746 412 3801 Praefatio
433 3746 551 3799 Lutheri
576 3745 681 3817 scripta
706 3765 763 3815 „ax
784 3750 914 3803 Eremot‘
943 3748 1091 3826 (Gohurg)
1117 3754 1217 3811 XXVI.

235 3841 356 3912 August.
370 3840 405 3895 A.
417 3839 565 3905 MDXXX‚
589 3856 649 3895 non
665 3852 698 3896 ut
716 3849 761 3896 eet
777 3840 855 3913 apud
864 3840 1083 3900 Heerbraudum
1095 3862 1159 3920 pag.
1176 3851 1216 3906 16.

238 3933 370 4001 Epistola
388 3931 420 3992 Α.
436 3935 552 3990 xL1111.

201 4026 248 4093 21)
270 4024 336 4083 Vid.
354 4025 492 4083 sccundus
511 4037 603 4083 tomus
622 4029 820 4102 epistolarum.
837 4029 889 4085 fol.
909 4034 972 4090 361.
