2776 5124
430 504 497 551 aas
517 484 808 558 Tuzritanusrs.
1103 504 1141 565 5³

178 646 225 714 Π.
250 644 326 709 Osci
350 655 383 707 oi
412 643 531 730 Volsci,
564 651 714 738 dialogus
745 652 831 715 ludis
864 653 1024 721 Romanis
1051 674 1142 733 actas,

88 755 226 841 (1517.)
243 760 274 833 l.

176 863 320 930 Libellus.
343 863 510 950 inscriptus
536 877 583 930 est
608 866 742 953 „illustri
760 867 837 932 Dno
862 866 1053 932 Hermanno
1083 871 1140 935 Co-

88 971 165 1036 miti
183 993 290 1034 nouae
308 972 440 1056 aquilae
460 972 523 1058 (H.
542 995 573 1038 e.
589 972 751 1063 Nuenar),
776 975 932 1041 Ecclesiae
946 975 1141 1064 Metropoli·
1223 1050 1226 1056 ¹

85 1095 184 1146 tanae
202 1078 413 1168 Colommsis,
432 1095 463 1146 et
481 1079 675 1150 cathedralis
682 1081 1049 1173 LeodiensisCanonico,
1069 1086 1139 1151 Ar-

85 1188 281 1275 chiepiscopi
305 1186 503 1256 Coloniensis
531 1189 652 1279 legat03
693 1212 791 1277 quem
826 1190 875 1256 his
901 1191 1009 1260 verbis
1044 1216 1138 1261 com-
1197 1246 1198 1251 η

82 1297 185 1386 pellat
203 1297 467 1365 Mummios:
874 1283 877 1286 ”

169 1407 243 1495 „En
263 1407 451 1471 Romanam
470 1406 559 1471 illam
579 1405 619 1470 de
638 1405 789 1492 loquendi
807 1411 1032 1476 consuetudine
1057 1435 1136 1481 ver-

85 1513 403 1603 bisque‘deligendis‚
411 1516 574 1601 Princeps,
593 1514 732 1600 lepidam
753 1529 834 1579 certe
854 1539 892 1580 ao
910 1519 1056 1584 festivam
1068 1520 1136 1584 dis-
1179 1583 1181 1587 .

82 1627 307 1712 captationem,
328 1622 415 1709 quod
434 1645 537 1708 nuper
556 1628 591 1688 in
611 1622 822 1688 Germaniam
840 1647 987 1691 reversus
1006 1625 1134 1693 Jonuur

81 1729 273 1818 wenni,
294 1734 527 1818 consanguineo
548 1743 657 1796 nostro
677 1753 807 1820 munus,
828 1729 923 1799 δόσιν
939 1728 1066 1819 ,ὀλίγην
1096 1759 1132 1802 τε

82 1841 189 1932 φίλην
207 1867 243 1909 τε
264 1840 386 1905 dedisti.
428 1837 588 1904 Libellum
608 1843 635 1904 is
655 1852 686 1902 et
703 1838 944 1908 benevolentiae
961 1845 997 1904 in
1009 1863 1043 1905 se
1058 1854 1130 1907 tuae

80 1971 122 2014 ac
140 1949 308 2036 singularis
336 1948 445 2035 studii,
473 1960 504 2012 et
530 1947 724 2033 gratitudinis
749 1971 823 2013 suae
850 1950 1006 2037 planeque
1034 1951 1131 2016 officii

78 2063 263 2123 testimonio
283 2057 375 2123 nobis
396 2055 614 2121 excudendum
633 2055 778 2143 tradidit,
809 2079 906 2143 quem
934 2058 1131 2125 celeberrimi

75 2171 221 2233 nominis
239 2170 286 2229 tui
305 2178 493 2253 argumento
513 2164 689 2233 litterarum
699 2163 829 2235 studiosi
840 2189 1048 2233 communem
1056 2190 1130 2232 am·

75 2271 323 2364 plecterentur.“

157 2383 224 2447 ¹III.
238 2382 294 2444 De
314 2384 437 2447 artibus
457 2383 646 2446 liberalibus
666 2379 770 2445 oratio
791 2401 822 2444 a.
837 2380 933 2448 Pmn.
945 2383 1129 2449 Mamurr-

71 2512 183 2558 moun
200 2490 367 2576 Tubingae
386 2489 553 2554 habita-
573 2487 656 2553 edita
675 2511 786 2555 mense
804 2488 896 2555 Julto
917 2491 1045 2576 (1517.)
1067 2499 1098 2570 l.

159 2599 274 2663 Dicata
305 2610 352 2662 est
383 2600 530 2686 „egregia
556 2599 674 2666 virtute
706 2600 779 2664 viro
806 2597 936 2664 Joaunr
968 2599 1127 2666 sionim

72 2707 274 2794 Justingensi
292 2705 527 2770 Mathematum
542 2700 741 2791 professori.“
781 2705 884 2778 Lubet
893 2731 931 2772 ex
944 2708 1127 2773 Mamurra-

70 2838 193 2883 :rflours
214 2816 255 2880 ad
275 2814 414 2882 eundem
435 2812 565 2898 epistola
585 2813 663 2880 haec
682 2813 819 2883 referre:¹

155 2923 272 3016 „Quae
291 2938 323 2988 te
342 2944 410 2989 nou
430 2922 542 2986 decent
561 2924 709 2989 omnium
728 2926 866 3010 insignia
893 2924 1042 3011 laudum,
1071 2929 1127 3011 qui
1208 2905 1211 2916 ⁸

70 3047 121 3100 tot
146 3055 268 3120 annos,
298 3045 388 3096 tanto
412 3029 517 3096 studio
539 3031 777 3099 mathematum
807 3031 948 3099 abstrusa
979 3032 1124 3119 recludis,

69 3147 129 3231 qui
147 3155 235 3208 tanto
255 3140 411 3208 studiosos
431 3140 555 3202 omneis
583 3151 678 3223 atque
702 3137 782 3203 adeo
808 3161 862 3202 me
895 3139 1006 3204 favore
1031 3160 1125 3201 com-

67 3251 176 3340 plecti,
200 3272 302 3336 eoque
322 3272 379 3315 ceu
399 3247 526 3315 stimulo
553 3244 594 3311 ad
614 3246 749 3334 gloriam
775 3249 909 3314 excitare
929 3247 1028 3312 soles!
1083 3246 1124 3312 Id

68 3358 159 3447 quod
176 3362 261 3423 sensi
280 3362 401 3441 tacitus,
420 3363 494 3420 cum
512 3353 742 3442 interpretandi
762 3353 856 3417 Arati
867 3351 901 3434 *)
921 3374 1056 3416 munere
1063 3375 1123 3419 nos

66 3488 229 3534 onerates.
268 3464 360 3529 Nihil
380 3464 549 3549 ardentius,
568 3463 649 3526 nihil
669 3465 793 3547 majore
805 3464 967 3548 voluptate
978 3482 1122 3548 unquam

65 3580 171 3661 coepi,
191 3586 223 3638 et
241 3594 346 3660 spero,
359 3595 430 3637 rem
451 3592 595 3636 casuram
614 3592 682 3634 nou
701 3570 877 3656 infeliciter,
896 3568 995 3633 modo
1015 3568 1122 3632 tuad-

64 3687 169 3770 spires
189 3703 297 3768 porro.
337 3681 503 3748 Vertimus
522 3678 719 3764 aliquantum
733 3681 843 3765 operis
854 3677 1120 3761 latinocarmine,

99 3887 129 3956 ⁸)
149 3891 266 3944 Neues
285 3889 545 3970 Repertorrum
567 3899 578 3942 1
599 3882 687 3938 stoan
702 3881 791 3936 habet
805 3844 1117 3954 p·62au,AratiPhae-

135 3998 260 4037 nomem
277 3997 341 4035 oum
361 3979 487 4055 praefat.
509 3979 584 4035 Phil.
601 3976 778 4032 Melanehth.
797 3974 921 4032 Witteb·
940 3983 1016 4039 1521.
1034 3976 1061 4033 8.
