2776 5124
161 442 200 501 92
483 440 534 503 Dr
552 439 709 506 Jonauun
729 461 879 524 canuno,

160 604 347 683 intermisit,
375 599 432 667 sed
458 608 626 670 conciones
652 626 779 692 quoque
801 602 971 691 populares
993 599 1126 667 subinde
1149 599 1215 664 lra-

163 714 247 801 buit,
273 724 382 799 gratus
399 709 605 778 auditoribus.
646 712 866 779 Commtmern
886 732 961 774 cum
976 709 1110 774 Brentio
1129 729 1215 795 ope-

163 844 234 887 ram
254 815 432 909 praestabat
450 816 656 885 Theobaldus
675 820 863 905 Billicanus,
887 817 1120 904 efl'eceruntque
1139 837 1215 881 am-

166 931 227 1019 bo,
248 942 284 994 ut
302 929 408 1011 major
427 925 643 993 annosorum
661 949 736 1013 pars
754 928 796 991 ad
805 930 950 1014 ipsorum
964 925 1143 991 doctrinam
1158 945 1217 988 ao·

168 1037 303 1105 cederet.
343 1035 451 1121 Aegre
476 1034 539 1100 hoe
563 1036 634 1099 tuln
660 1035 866 1122 Ludovtcus,
888 1035 1015 1100 Elector
1034 1033 1215 1120 Palatinus,

164 1152 268 1214 aritae
307 1145 471 1209 doctrinae
496 1148 734 1230 tenacissimus,
771 1148 861 1231 „ipse
889 1142 999 1206 litteris
1022 1142 1143 1207 severis
1172 1139 1215 1204 ad

164 1254 320 1343 „Seltolae
347 1252 502 1319 Senatum
527 1258 664 1340 scriptis,
705 1274 745 1316 eo
773 1256 907 1316 nomine
934 1263 1122 1337 conquestus
1149 1262 1213 1336 est,

164 1363 397 1452 „clandestinas
415 1362 566 1427 lectiones
585 1361 749 1446 prohibuit
768 1374 800 1426 et
816 1365 852 1423 in
868 1383 980 1423 earum
997 1371 1139 1422 auctores
1159 1361 1214 1421 in-

162 1475 272 1559 „quiri
298 1470 413 1535 voluit.
454 1468 615 1561 Quocirca
635 1481 784 1556 uterque,
814 1481 846 1533 et
864 1467 1012 1535 Brentius
1032 1481 1064 1530 et
1081 1465 1215 1529 Billiea·

165 1603 262 1669 με,
282 1584 427 1667 primurn
448 1599 468 1641 a
487 1576 606 1642 Senatu
626 1575 825 1664 academico,
847 1575 961 1639 deinde
981 1573 1213 1640 acancetlario

164 1691 340 1779 „dilecturis
357 1692 393 1750 in
412 1689 463 1770 jus
478 1687 584 1750 vocati
598 1697 685 1772 sunt,
705 1682 762 1750 sed
781 1686 825 1747 ita
842 1682 1091 1771 responderamt,
1109 1694 1146 1746 ut
1161 1683 1216 1770 ju-

166 1799 310 1886 „elicium
331 1788 529 1876 eil'ugerent“
552 1791 616 1877 ¹³).
657 1849 660 1854 .

250 1903 290 1969 Et
315 1899 425 1965 incidit
452 1902 577 1963 vocatio
599 1897 720 1963 Halam
745 1897 928 1968 suevorum
952 1902 993 1971 ad
1018 1924 1137 1969 munus
1161 1925 1217 1968 ec-

169 2015 391 2093 clesiasticum,
437 2019 565 2102 auctore
597 2008 633 2074 J.
662 2010 873 2100 Isenmanno,
912 2010 1059 2100 Halensi,
1098 2017 1217 2078 artium

168 2125 325 2209 Magistro
345 2114 586 2201 Heidelbergae.
628 2117 703 2182 Hoc
722 2124 810 2184 enim
828 2121 1090 2207 commendante,
1110 2121 1218 2205 Bren-

168 2237 228 2297 tius
255 2230 405 2292 invitatus
434 2222 475 2286 ad
499 2224 658 2288 edendum
679 2229 890 2292 concionandi
908 2234 1086 2316 specimen,
1111 2230 1218 2295 habita

169 2341 324 2405 concione
349 2337 393 2395 ita
420 2354 454 2395 se
479 2331 627 2418 probavit
652 2334 816 2423 omnibus,
845 2349 898 2424 ut,
929 2339 1054 2402 etiamsi
1073 2351 1159 2403 aetas
1182 2343 1217 2404 in

170 2446 226 2510 illo
249 2439 477 2506 desideraretur
496 2441 662 2528 grandior,
682 2463 748 2506 non
769 2446 858 2506 enim
878 2457 945 2510 erat
964 2449 1027 2510 nisi
1043 2467 1145 2512 annos
1161 2451 1216 2533 ui-

173 2555 251 2641 giuti
271 2562 333 2612 tres
354 2560 462 2630 natus,
491 2561 600 2612 tamen
620 2551 845 2618 conduceretur
865 2575 973 2619 annuo
995 2552 1108 2620 salario
1125 2567 1218 2618 octo-

170 2666 255 2750 ginta
272 2656 471 2721 florenorum
495 2657 561 2741 ¹4).

253 2766 331 2829 Erat
363 2775 470 2825 autem
499 2762 665 2852 Brentius,
701 2791 776 2834 curn
807 2772 977 2836 inclinante
1004 2774 1106 2838 Anno
1139 2776 1216 2838 1522.

169 2869 383 2960 Heidelbergai
402 2871 523 2935 Halam
542 2879 710 2965 migraret,
734 2901 839 2944 sacrae
857 2880 1034 2970 theologiae
1052 2879 1219 2945 baccalau-

170 3002 243 3050 reus
265 2981 329 3063 ¹⁵).

255 3088 296 3152 In
323 3109 412 3155 novo
438 3111 572 3159 munere
599 3085 752 3185 magnam
778 3096 871 3164 brevi
897 3098 1113 3162 auctoritatem
1139 3119 1220 3163 con·

172 3210 295 3264 secutus
321 3210 382 3285 est,
414 3203 481 3264 imo
511 3214 542 3265 et
568 3191 789 3270 celebritatem.
829 3204 985 3269 Proximo
1009 3209 1115 3271 statim
1134 3220 1219 3273 tem-

174 3327 253 3393 pore
280 3327 445 3372 sermones
473 3308 512 3372 ab
541 3333 581 3374 eo
612 3312 725 3398 habiti,
756 3312 890 3398 singuli,
918 3316 1004 3400 typis
1030 3312 1106 3377 editi
1131 3330 1219 3401 sunt,

172 3412 305 3482 subinde
331 3420 455 3500 repetiti
481 3438 568 3485 nova
598 3419 748 3484 editione.
794 3419 890 3484 Forte
920 3426 1044 3509 primus
1072 3427 1219 3493 omnium

211 3677 260 3744 13)
279 3677 375 3734 Verba
394 3691 458 3737 tunt
474 3683 606 3756 elingit,
626 3700 692 3757 pag.
709 3698 769 3754 1445

211 3784 255 3854 14)
279 3782 432 3857 Octoginta
451 3787 576 3845 florenos
600 3789 668 3848 dicit
687 3791 880 3862 Heerbrandt,
911 3793 1088 3870 negligenter
1109 3796 1215 3853 Geirei

245 3881 287 3949 (ι).
306 3883 377 3948 158.)
395 3886 430 3940 so
447 3880 474 3934 fl.

163 4018 166 4023 ·
210 3986 259 4054 ti)
278 3986 406 4047 Exactis
428 3987 494 4047 bles.
516 3988 698 4063 Heidelberg.
