2776 5124
455 406 610 485 rm'tuour
628 426 785 477 mucrore
805 425 940 478 smum
1170 423 1230 482 207

257 569 364 658 Atque
388 567 470 634 hanc
489 573 707 658 germanicam
733 574 916 640 versionem
937 578 1118 643 communis
1138 591 1184 645 est
1202 591 1233 646 et

172 679 360 768 pervulgata
380 681 505 767 opinIo,
531 695 694 746 auctorem
717 703 786 746 non
806 681 906 747 alium
925 681 1042 749 habere
1061 687 1123 751 nisi

300 786 523 856 Eberhardum
543 786 820 877 Wirtembergiae
843 790 1006 857 Comitem
1030 794 1231 883 eundemque

340 900 469 965 Ducem
487 898 647 987 prImum,
667 897 861 985 Barbatum,
879 898 1037 966 Probum.

219 1009 434 1074 Vanissimum
457 1030 527 1074 esse
550 1007 897 1094 denominationem,
925 1011 1034 1096 paucis
1056 1008 1232 1077 declarabi-

296 1138 381 1184 mus.

255 1227 382 1296 Verum
409 1225 539 1316 quidem
563 1238 596 1292 et
621 1233 743 1287 certum
767 1238 814 1293 est
832 1246 870 1291 ac
884 1227 983 1294 *nobis
1003 1229 1079 1316 ipsis
1096 1250 1230 1317 perspe-

172 1349 278 1424 ctum,
306 1349 451 1407 veterem
470 1336 562 1400 illam
581 1333 772 1415 editionem,
802 1354 900 1419 quam
921 1337 1066 1418 primum
1087 1360 1155 1405 esse
1174 1362 1230 1405 ar-

171 1449 345 1534 bitramur,
372 1465 569 1532 quamquam
596 1439 703 1505 verbis
727 1437 905 1508 Eberhardi
929 1446 1131 1510 mentionem
1154 1447 1230 1512 facit

168 1577 301 1643 prorsus
326 1553 467 1639 nullam,
501 1555 537 1616 in
558 1548 691 1637 singulis
709 1560 821 1620 tamen
843 1550 962 1614 litteris
981 1550 1098 1618 babere
1117 1556 1230 1642 singu-

167 1663 236 1727 lare
254 1661 384 1749 aliquod
400 1658 587 1741 artificium,
608 1661 643 1721 in
660 1657 750 1723 nullo
767 1657 849 1722 libro
868 1658 951 1745 alio,
972 1674 1128 1746 quantum
1146 1683 1227 1728 con-

169 1782 248 1856 stat,
288 1769 510 1852 observatum,
550 1764 865 1854 quoEberhardum
891 1766 1229 1858 Wirtembergensem

166 1876 362 1965 significaret
380 1878 536 1942 lectorum
555 1875 775 1964 sagacioribus.
816 1876 982 1942 Nimirum
1003 1877 1079 1942 inde
1100 1877 1140 1943 ab
1161 1883 1228 1944 ini-

168 1992 215 2053 tio
241 1986 317 2052 libri
341 1989 377 2050 in
401 1984 533 2072 singulis
553 1985 705 2071 articulis,
736 2005 793 2050 seu
813 1985 1017 2077 sectionibus,
1049 1985 1228 2052 litterarum

165 2094 278 2178 prima
300 2108 347 2160 est
367 2091 535 2180 Capitalis,
559 2114 628 2158 uon
645 2093 768 2156 calamo
785 2091 925 2182 adpicta,
944 2094 1000 2160 sed
1016 2095 1103 2183 ligno
1119 2101 1226 2185 incisa,

165 2205 264 2269 variis
285 2203 429 2270 ductibus
451 2217 483 2271 et
502 2207 592 2293 quasi
610 2204 743 2271 floribus
762 2214 874 2269 ornata
898 2240 942 2255 -
966 2201 1118 2270 florentes
1138 2226 1226 2271 nunc

165 2311 272 2375 dicere
298 2310 402 2376 solent
429 2312 642 2401 bibliographi
668 2312 826 2400 ejusmodi
851 2311 970 2378 litteras
997 2314 1155 2399 capitales.
1180 2353 1224 2367 —

168 2419 275 2486 Hasce
295 2423 393 2508 igitur
412 2423 547 2488 initiales
565 2422 698 2507 litteras,
719 2423 848 2486 caeteris
863 2419 966 2483 multo
982 2425 1224 2512 eminentiores,

168 2531 197 2594 si
216 2541 344 2598 servato
365 2551 405 2594 eo
424 2532 495 2618 ipso
515 2529 643 2617 ordine,
668 2550 732 2616 quo
749 2529 848 2594 altera
861 2526 995 2593 alteram
1012 2535 1226 2621 consequitur,

165 2637 257 2701 nulla
284 2637 339 2706 vel
363 2641 495 2726 omissa,
523 2636 803 2724 tetenderant,
835 2658 1011 2726 componas
1036 2645 1221 2730 junctosque

165 2744 316 2826 colloces;
340 2767 421 2831 quae
439 2766 527 2811 nunc
547 2749 702 2833 conspicis
721 2757 796 2811 sunt
814 2743 909 2812 haec:

248 2850 405 2917 Eberhart
425 2853 513 2918 Graf
534 2851 558 2917 z'
578 2852 793 2939 Wirtenberg
815 2853 983 2939 Attempto

164 2959 249 3046 (quo
276 2960 379 3028 verbo
404 2960 628 3027 Eberhardum
655 2975 809 3049 tanquam
834 2960 918 3026 dicto
943 2960 1003 3027 sibi
1027 2963 1159 3049 proprio
1183 2983 1221 3028 ac

166 3069 318 3137 familiari
336 3093 430 3137 nsum
453 3093 520 3137 esse
537 3069 719 3152 novimus).

251 3179 337 3246 Casu
364 3183 550 3268 neutiquam
578 3179 641 3243 hoc
667 3175 829 3257 accidisse,
862 3176 918 3242 sed
944 3175 1061 3261 facturn
1088 3199 1155 3243 esse
1182 3201 1221 3244 ex

165 3285 300 3351 consilio
329 3301 434 3378 certo,
471 3308 532 3354 nec
560 3307 637 3353 sane
663 3289 788 3376 inepto,
821 3290 1037 3374 unusquisqne
1064 3291 1220 3379 intelligit.

165 3396 275 3462 Editio
293 3397 458 3465 Ulmensis
477 3399 554 3463 anni
576 3400 656 3476 1483
676 3393 881 3480 (octogesimi
898 3397 998 3480 tertii)
1018 3396 1111 3464 nobis
1130 3422 1219 3465 non-

165 3503 247 3569 dum
266 3510 346 3574 visa.
392 3504 456 3572 Sed
476 3527 558 3594 quae
581 3504 665 3569 hanc
689 3507 838 3589 proximo
859 3526 945 3572 anno
965 3519 1071 3572 secuta
1090 3520 1152 3595 est,
1181 3511 1218 3582 in

140 3611 330 3707 exemplo,
357 3638 377 3680 a
394 3615 485 3681 nobis
504 3627 687 3703 perspecto,
712 3612 870 3701 Capitales
890 3615 1007 3680 litteras
1026 3615 1121 3683 refert
1139 3638 1218 3702 per-

163 3748 296 3818 paucas,
330 3726 456 3791 omissis
478 3724 722 3813 quamplurimis
742 3724 864 3789 calamo
884 3723 1052 3790 addendis:
1082 3735 1116 3789 at
1134 3725 1215 3789 arti-

163 3837 270 3924 culos,
294 3856 350 3901 seu
369 3829 599 3922 paragraphos,
619 3833 734 3898 eodem
752 3852 883 3920 prorsus
903 3833 1015 3899 ordine
1033 3830 1130 3897 habet
1148 3831 1216 3896 dis-

162 3948 302 4034 positos,
327 3955 363 4010 ut
386 3942 585 4034 singulorum
602 3941 737 4010 initiales
755 3941 894 4028 litterae,
916 3962 994 4031 quas
1012 3959 1121 4008 sensus
1138 3960 1214 4008 ora-
