2776 5124
479 474 697 545 rurmsmsrc
715 494 932 547 uernnours.
1167 490 1225 554 179

169 640 315 709 dinarius
340 654 507 711 crearetur.
555 641 669 708 Altero
696 655 802 708 sutem
830 665 934 734 nnnc,
967 668 1031 734 qno
1059 648 1100 712 ad
1128 647 1225 716 aliam

172 749 363 837 dignitatem
388 764 513 814 amotus
539 762 585 814 est
605 751 762 838 Hiberus,
794 756 940 820 successit
963 759 1030 841 ipse
1056 760 1090 820 in
1115 755 1223 822 locum

171 862 398 946 praeceptoris,
412 861 594 924 auctoritate
605 856 740 926 Senatus
755 859 925 925 academici
938 867 1120 928 constitutus
1130 885 1223 951 grae·

170 989 284 1030 carum
304 966 483 1032 litterarum
500 967 659 1054 professor
672 968 865 1055 ordinarius,
891 981 1016 1038 servata
1029 970 1223 1056 professione
1286 979 1287 982 ’

168 1073 326 1139 hebraeae
345 1076 486 1164 linguae,
516 1099 613 1162 quam
632 1075 839 1164 postmodum
860 1082 956 1141 etiam
973 1079 1119 1162 retinuit,
1145 1101 1221 1142 cum

169 1183 208 1245 in
223 1182 445 1270 theologorum
465 1184 613 1249 ordinem
628 1185 870 1272 proveheretur.
909 1183 1026 1250 Extant
1042 1186 1221 1273 complures

172 1287 215 1351 ab
243 1311 282 1354 eo
311 1290 413 1355 editae
439 1292 685 1380 dissertationes,
718 1314 831 1358 omnes
856 1291 930 1356 illae
956 1293 999 1358 ad
1023 1293 1094 1358 loca
1119 1309 1222 1359 textus

171 1402 254 1460 sacri
271 1397 410 1464 hebraici
430 1401 613 1467 illustranda
633 1405 841 1490 compositae,
870 1421 952 1487 quae
970 1405 1049 1465 mite
1071 1422 1108 1465 ac
1126 1424 1224 1485 man-

170 1519 297 1568 suetum
318 1511 382 1574 viri
401 1511 569 1596 ingenium
588 1509 746 1597 produnt,
770 1505 948 1594 debentque
967 1511 1069 1595 magis
1090 1531 1129 1573 ex
1149 1531 1225 1574 suae

169 1634 269 1699 quam
284 1615 423 1679 'nostrae
449 1621 557 1682 aetatis
581 1621 705 1682 ratione
731 1618 899 1682 aestimari
941 1614 1101 1681 Osiandro
1128 1637 1224 1702 prae-

168 1734 295 1786 matura
322 1736 426 1787 morte
454 1729 608 1813 extinctu,
639 1724 785 1792 hebraica
811 1724 964 1811 professio
991 1721 1092 1787 delata
1118 1723 1225 1790 estad

167 1827 194 1892 J
196 1849 225 1892 0.
249 1828 464 1896 Christianum
484 1834 701 1922 Riemmium,
730 1833 772 1898 ad
798 1855 896 1920 quem
915 1851 1030 1918 graeca
1047 1828 1087 1896 ab
1108 1829 1224 1898 eodem

167 1939 235 2023 jam
261 1951 352 2003 antea
378 1940 563 2029 devenerat,
591 1947 702 2012 virum
725 1954 892 2010 strenuum
912 1952 1008 2025 atque
1033 1959 1230 2030 operosum,

168 2047 206 2110 in
227 2069 291 2132 quo
314 2050 403 2116 varia
423 2064 454 2114 et
473 2050 639 2138 multiplex
659 2065 727 2117 erat
747 2049 895 2117 eruditio
936 2047 1076 2115 Ornavit
1094 2051 1121 2112 is
1139 2044 1223 2113 banc
1298 2063 1304 2079 '

169 2145 374 2240 provinciam
394 2179 496 2224 annos
516 2172 641 2225 tantum
660 2182 728 2225 non
747 2161 875 2245 triginta
894 2159 1079 2242 continuos,
1104 2177 1222 2243 magua

167 2261 353 2349 multiplicis
381 2269 504 2350 generis
531 2272 723 2354 scriptorum
749 2265 789 2332 ab
809 2287 843 2330 se
863 2262 1023 2328 editorum
1041 2265 1133 2350 copia
1152 2262 1221 2326 cla-

166 2391 232 2434 rus.
275 2369 427 2462 Quorum
452 2372 515 2438 duo
536 2383 661 2440 tantum
680 2374 742 2440 hoc
761 2375 833 2438 loco
855 2371 1141 2439 commemoranda
1158 2394 1222 2443 ve·

167 2481 277 2565 nirmt,
314 2486 340 2544 1.
367 2479 406 2544 de
431 2485 539 2547 numis
563 2482 777 2550 hebraeorum
796 2481 921 2547 libellus
941 2479 1154 2569 academicus,
1185 2484 1221 2548 in

167 2608 247 2673 quo,
282 2591 338 2672 qui
363 2587 403 2653 de
420 2588 482 2653 hoc
502 2606 693 2678 argumento
713 2605 862 2680 egerunt,
892 2589 1033 2655 breviter
1050 2576 1221 2653 recensenss¹

166 2707 248 2781 tur,
258 2708 289 2758 et
304 2698 411 2783 numi,
434 2719 573 2783 quorum
588 2698 708 2787 figurae
723 2700 808 2787 apud
824 2700 903 2763 alios
913 2710 1036 2785 extant,
1056 2696 1220 2761 illustran-

164 2818 235 2885 tur3
271 2815 303 2869 2.
325 2801 443 2869 Critica
466 2806 561 2871 Sacra
585 2828 692 2873 sensus
717 2807 856 2872 litteralis
882 2803 1075 2890 incomplexi
1099 2803 1217 2870 codicis

165 2911 380 2994 hebraeivet.
393 2914 498 3000 Test,
524 2915 634 2979 ordine
650 2915 860 3002 Alphabetico
875 2911 1045 2982 vernacule
1065 2911 1155 2997 elati,
1185 2923 1218 2977 et

164 3026 281 3108 viginti
309 3021 483 3086 canonibus
517 3025 629 3088 criticis
658 3024 874 3108 superstructi3
906 3016 939 3085 h.
960 3043 989 3087 e.
1016 3017 1219 3084 Glossarium

164 3128 366 3218 hebraicum,
391 3134 442 3194 cui
461 3133 627 3217 praemissi
646 3142 719 3194 sunt
739 3149 890 3211 canones,
917 3129 1030 3214 quibus
1050 3126 1218 3192 stabiliun-

164 3252 219 3302 tur
251 3236 443 3302 adminicula
475 3237 516 3300 ad
546 3237 775 3305 inveniendam
803 3233 1066 3323 significationem
1095 3256 1217 3304 vocum

163 3345 403 3432 hebraicarum,
432 3346 518 3411 hona
544 3347 605 3410 alia
631 3359 725 3432 atque
750 3342 934 3432 probanda,
963 3343 1024 3407 alia
1046 3347 1152 3429 spuria
1175 3363 1213 3406 ac

163 3454 261 3520 hodie
279 3475 410 3542 prorsus
428 3455 564 3540 explosa.
605 3453 742 3540 Reliqua
757 3452 798 3518 ad
813 3451 1024 3540 Theologiam
1041 3455 1212 3540 pertinent,

164 3584 248 3649 quae
276 3565 392 3648 majori
421 3566 554 3628 omnino
582 3564 668 3646 jure,
708 3581 805 3646 quam
831 3561 991 3625 orientalis
1017 3561 1210 3649 litteratura,

162 3668 252 3735 hunc
276 3670 337 3735 sibi
362 3673 472 3736 virum
497 3669 646 3739 vindicat.
682 3664 845 3730 'Baurir'
870 3668 1002 3732 tandem
1026 3671 1144 3754 nostri,
1173 3672 1210 3734 in

163 3780 254 3863 cujus
279 3777 401 3869 locum,
429 3762 506 3844 cum
529 3776 571 3842 ad
593 3776 738 3842 altiorem
760 3773 945 3862 dignitatem
963 3776 1032 3861 ipse
1053 3774 1209 3841 evehere-

162 3897 234 3972 tur,
262 3898 335 3952 ante
355 3884 414 3953 hos
432 3907 556 3957 novem
574 3903 676 3951 annos
694 3895 816 3952 memet
833 3882 1019 3952 substituere
1038 3887 1144 3954 visum
1163 3893 1211 3947 est
1311 3882 1315 3889 ’

931 4003 1007 4072 tn*
