2776 5124
170 460 237 524 tto
326 485 329 494 ·
488 452 569 519 Vm
585 451 740 519 Miirunr
758 469 904 520 rtosrtnr

169 621 316 690 ledicere.
355 615 405 685 Ut
423 617 542 683 afame
561 621 658 684 miser
676 639 710 684 se
729 615 911 682 defenderet
929 628 962 684 et
980 629 1091 687 tamen
1111 635 1231 712 coepto

171 752 241 798 non
260 729 438 814 desisteret,
449 727 620 816 famulum
642 746 709 791 sese
725 726 811 792 dedit
825 725 990 815 Stipendio
1004 738 1115 796 nostro
1130 731 1231 798 theo-

170 841 285 929 logico.
324 837 403 903 Erat
420 857 500 905 vero
519 848 589 899 tum
610 835 777 903 durissima
791 857 859 902 sors
874 837 1003 926 famuli,
1026 842 1170 906 maxime
1188 843 1231 907 il.

168 949 248 1039 lius,
268 951 324 1038 qui
343 945 458 1015 infimo
476 947 548 1011 loco
568 959 648 1011 esset
668 949 864 1012 constitutus.
904 947 985 1035 Hic,
1005 962 1132 1034 praeter
1149 973 1230 1038 per-

168 1059 269 1127 multa
288 1057 367 1145 alia,
390 1056 469 1122 haee
487 1055 658 1142 peculiaria
677 1057 807 1142 insuper
826 1056 1013 1122 sortiebatur
1032 1063 1162 1144 munia,
1192 1076 1230 1130 ut

168 1189 238 1235 non
261 1166 368 1234 solum
393 1169 515 1253 patinas
539 1164 606 1250 ipse
630 1175 781 1251 tergeret,
795 1176 840 1235 ,et
865 1187 942 1247 rasa
965 1168 1089 1233 culinae
1113 1174 1227 1236 omnia

169 1279 306 1364 elueret,
332 1275 388 1342 sed
409 1285 456 1362 et,
482 1274 604 1339 mirum
624 1272 725 1339 diotui
754 1293 881 1361 carnes,
909 1286 941 1339 et
959 1276 995 1340 in
1014 1277 1053 1342 iis
1071 1276 1226 1342 dimidia-

170 1401 221 1454 tos
245 1406 339 1472 saepe
362 1383 478 1469 boves,
510 1380 624 1468 grandi
646 1382 804 1472 pondere,
837 1381 920 1448 binis
940 1404 1006 1449 uno
1027 1383 1079 1450 die
1097 1386 1225 1455 vicibus

169 1493 336 1562 emacello
355 1490 479 1556 urbano
498 1492 534 1554 in
552 1488 707 1577 Stipendii
726 1493 907 1559 carnarium
927 1496 991 1559 suis
1003 1492 1147 1561 humeris
1164 1517 1227 1584 ap-

167 1613 325 1692 portaret,
361 1597 476 1664 deinde
499 1618 602 1684 coquo
624 1600 749 1687 singula
773 1599 872 1666 frusta
892 1600 1087 1686 appenderet
1109 1616 1143 1668 et
1161 1627 1225 1670 an-

167 1724 360 1779 numeraret.
407 1707 482 1773 Hoc
508 1729 607 1796 genus
633 1713 719 1777 vitae
741 1710 871 1796 pertulit
888 1709 1048 1776 Miillerus
1067 1716 1224 1804 triennio,

99 1888 100 1892 ,
169 1819 212 1885 ad
235 1818 315 1884 illud
339 1839 440 1907 usque
464 1830 602 1904 tempus,
629 1839 694 1905 quo
714 1839 859 1884 summos
877 1821 913 1884 in
932 1817 1141 1908 Philosophia
1159 1823 1226 1889 ho·

169 1951 265 1999 nores
292 1940 477 2017 capesseret.
526 1926 638 2020 Quid?
676 1925 764 2013 quod
788 1927 844 1992 illo
870 1930 940 2015 ipso
968 1927 1036 2018 die,
1069 1930 1126 1995 illa
1153 1934 1224 2020 ipsa

170 2035 266 2124 hora,
291 2059 355 2125 qua
374 2040 458 2103 inter
477 2036 572 2104 festos
592 2036 742 2102 tubarum
762 2048 887 2124 canurs,
908 2041 944 2102 in
963 2037 1224 2125 frequentissimo

168 2144 339 2214 hominum
360 2159 537 2233 conventu,
568 2144 695 2231 publice
713 2157 746 2210 et
765 2145 950 2210 solemniter
969 2150 1038 2233 ipse
1056 2162 1126 2213 erat
1144 2151 1225 2215 Ma-

169 2258 264 2345 gister
288 2255 534 2342 renuntiandus,
565 2257 656 2329 ,visus
682 2265 729 2318 est
755 2266 880 2340 raptare
906 2258 970 2320 suis
995 2256 1138 2326 humeris
1165 2282 1225 2348 per

169 2363 277 2431 ferum
295 2366 408 2452 ingens
426 2367 554 2429 mactati
572 2363 665 2433 bovis
686 2375 822 2449 tergum.
862 2361 939 2454 Quo
959 2362 1057 2452 facto,
1076 2365 1226 2436 abstersis

169 2471 328 2555 sordibus,
348 2469 413 2557 hila
429 2474 571 2558 accessit,
590 2483 627 2536 ut
646 2474 825 2558 principem
844 2471 912 2558 ipse
930 2471 1039 2536 locum
1055 2491 1225 2563 occuparet

170 2582 254 2646 inter
281 2573 474 2647 Candidatos
502 2581 618 2666 viginti
636 2602 707 2665 sex,
742 2581 826 2644 inter
851 2600 933 2667 quos
960 2583 1017 2668 qui
1043 2585 1222 2649 secundum

171 2701 306 2778 tenmet,
347 2702 415 2755 erat
441 2687 590 2754 Matthias
617 2686 835 2776 Hafenreffer,
870 2701 980 2776 postea
1008 2687 1224 2757 cancellarius

173 2795 397 2865 Universitatis
413 2809 556 2884 nostrae,
580 2798 608 2862 si
626 2798 696 2882 quis
713 2794 793 2860 alius
810 2807 893 2862 certe
907 2797 1122 2884 dignissimus.
1154 2799 1224 2864 Fa-

173 2920 261 2972 ctum
286 2906 348 2974 hoe
372 2919 419 2973 est
439 2927 526 2972 anno
550 2925 647 2994 supra
670 2903 879 2969 millesimum
898 2908 1093 2992 octogesimo
1113 2909 1224 2995 primo

139 3007 143 3015 ’
171 3013 306 3103 (1581),
330 3037 405 3080 cum
424 3017 538 3104 viginti
556 3037 719 3082 annorum
737 3026 818 3102 esset
833 3010 1001 3082 Miillerus.

255 3125 345 3190 Inter
363 3145 438 3213 vos,
457 3127 571 3211 omei,
591 3125 619 3190 si
638 3126 693 3210 qui
712 3124 792 3211 sint,
811 3124 867 3211 qui
885 3126 921 3190 in
940 3147 977 3190 re
995 3125 1133 3193 minime
1145 3128 1222 3194 lau-

170 3248 202 3297 ta
222 3248 406 3320 versentur,
424 3233 531 3300 Vobis
549 3233 696 3321 exemplo
715 3253 783 3300 esse
801 3232 895 3298 debet
912 3245 978 3298 tam
998 3237 1144 3320 pertinax
1165 3240 1223 3306 lit-

168 3354 309 3406 terarum
334 3341 491 3429 studium,
519 3363 539 3406 a
559 3363 624 3429 quo
644 3340 733 3409 nulla
750 3341 911 3409 calauritas
929 3340 1036 3429 domi,
1062 3365 1220 3412 aerumna

168 3451 255 3515 nulla
273 3452 367 3538 foris,
387 3455 532 3516 animum
551 3449 692 3518 hominis
710 3461 907 3516 constantem
922 3450 1060 3519 avellere
1072 3473 1219 3540 unquam

166 3562 279 3646 potuit
318 3558 396 3624 Erat
421 3572 527 3623 autem
552 3560 587 3624 in
606 3557 727 3626 Nostro
747 3572 834 3626 tanta
858 3560 1022 3649 sedulitas,
1049 3571 1138 3625 tanta
1165 3566 1219 3630 vi-

118 3666 120 3668 ’
165 3670 251 3731 rium
278 3669 428 3754 intentio,
458 3681 494 3731 ut
517 3667 571 3732 ille
597 3679 706 3733 exacto
729 3667 782 3733 die
803 3673 887 3736 inter
907 3670 1146 3739 molestissimos
1165 3673 1217 3737 fa-

163 3778 245 3842 muli
269 3775 410 3864 labores,
438 3781 535 3844 ternis
560 3776 603 3842 ad
621 3798 786 3844 summum
804 3775 892 3844 horis
909 3799 1025 3845 somno
1045 3779 1145 3868 datis,
1175 3782 1215 3846 de

161 3884 268 3951 media
286 3906 413 3973 semper
431 3900 525 3952 nocte
543 3900 700 3975 surgeret,
726 3899 759 3952 et
776 3899 919 3977 tempus,
942 3887 1030 3976 quod
1048 3889 1104 3956 alii
1122 3912 1216 3956 som·

161 4014 206 4060 no
231 3996 367 4083 nugisve
390 3996 569 4084 insumunt,
600 3997 668 4084 ipse
688 3995 851 4070 Aristoteli
871 4015 937 4065 suo
960 3997 1096 4087 aliisque
1117 3998 1213 4067 bonis
