2776 5124
271 1166 432 1236 ALMAE
452 1167 811 1236 EBERHARDINAE
830 1169 1097 1239 CAROLINAE
1117 1191 1119 1197 ·

492 1326 706 1388 maeurrmn
726 1333 877 1389 uomun

358 1467 1009 1568 R'Ecrou,

184 1644 235 1715 Viri
256 1664 378 1708 summe
401 1643 573 1705 reverendi
593 1643 830 1735 (perillustris),
849 1643 1087 1727 consultissimi,
1113 1668 1211 1734 eupe-

438 1736 636 1830 ¹rioutissimi,
660 1747 931 1830 excellentissimi,

214 1904 344 1978 Hospitea
357 1914 443 1978 atque
455 1902 606 1959 auditores
625 1901 754 1959 omnium
773 1902 909 1981 ordinum
932 1905 1161 1962 honoratissimi.

179 2211 299 2328 inrue,
316 2252 422 2327 squem
434 2232 577 2327 ³ag'imus,
597 2251 679 2303 ‘cum
694 2230 769 2308 ¹'aliis
787 2242 883 2309 'rebus
901 2241 1021 2334 multis,
1045 2256 1113 2309 tum
1134 2264 1214 2330 pace

178 2353 266 2438 etiam,
291 2345 444 2415 inchoata
463 2361 583 2434 tamen,
599 2341 680 2412 ffaxit
697 2364 821 2433 ‘numen
840 2348 886 2418 Ο.
899 2353 949 2422 Μ.
965 2358 1062 2417 etiam
1076 2353 1214 2440 perfecta
1274 2365 1276 2369 ’

175 2457 354 2545 stabilitaque
366 2454 598 2542 memorabilis,
624 2453 748 2522 'reducit
774 2454 867 2525 nobis
892 2464 993 2525 eiiam
1020 2465 1213 2525 memoriam

175 2560 376 2630 triseculer'etn
395 2555 493 2630 Pom.
510 2575 789 2654 Mutuumruou1s7
808 2563 887 2631 olim
898 2558 1023 2656 NostrI,
1042 2591 1140 2655 quem
1150 2591 1215 2633 no-

174 2680 267 2742 vimus
288 2678 324 2739 in
338 2666 447 2737 iucem
462 2673 589 2736 editum
608 2691 677 2739 esse
697 2664 825 2741 Brettae
849 2676 887 2740 tt
908 2669 1003 2744 Febr.
1035 2670 1126 2755 1497.
1172 2677 1215 2741 Et
1268 2681 1271 2685 ’

171 2807 262 2871 quum
283 2804 369 2846 anno
386 2785 491 2847 ‘nostri
506 2781 608 2846 retuli
623 2787 822 2870 'sexagesimo
842 2783 928 2848 haud
951 2784 1048 2872 plane
1072 2785 1214 2850 alienum

168 2915 184 2956 a
207 2916 240 2959 se
268 2895 429 2980 putaverit
443 2881 555 2955 schola
575 2882 653 2954 baec
669 2886 903 2982 'Tubingensim
933 2893 1123 2958 immortalis
1153 2896 1216 2960 viri

165 3006 354 3068 memoriam
384 2996 545 3086 recolere,
578 2996 735 3086 editisque
765 3006 864 3065 'etiam
892 2997 1018 3089 seriptis
1052 3000 1216 3066 nonnullis

164 3100 405 3196 commendare,
430 3107 517 3194 quod
543 3109 656 3171 mortis
681 3108 937 3173 recordationem
972 3107 1136 3172 reduceret
1162 3106 1217 3171 ille

164 3240 281 3298 annus3
310 3236 386 3282 sane
407 3217 493 3282 nefas
513 3215 617 3306 videri
636 3219 752 3304 possit,
773 3215 917 3278 natalem
940 3210 1055 3280 eximii
1080 3216 1215 3301 optimi·

165 3350 224 3414 que
240 3319 320 3408 viri,
343 3328 398 3411 qui
416 3341 583 3414 uunquam
603 3347 670 3390 non
691 3323 868 3409 honorifice
885 3315 1087 3409 deTttbinga
1105 3344 1216 3387 sense-

165 3441 204 3500 rit
222 3449 254 3501 et
272 3446 486 3520 peramanter,
506 3429 665 3498 dimittere
684 3432 826 3520 silentio,
849 3446 885 3497 et
911 3449 1010 3520 quam
1029 3449 1147 3519 magna
1168 3430 1217 3495 Ii-

167 3544 222 3610 iius
243 3565 317 3632 pars
338 3539 379 3606 ad
400 3561 460 3602 nos
478 3544 644 3628 pertineat,
663 3541 718 3610 vel
737 3523 885 3628 ignorare
903 3542 958 3610 vel
976 3543 1110 3628 turpiter
1125 3539 1217 3603 dissi-

167 3655 299 3723 mulare.
351 3654 471 3720 Visum
493 3657 589 3742 igitur
615 3668 676 3742 est,
701 3673 900 3735 sermonem,
930 3671 1069 3737 eumque
1100 3653 1218 3714 sinon

169 3782 274 3828 rerum
292 3767 462 3854 gravitate,
489 3761 651 3832 brevitatis
675 3776 784 3828 tamen
808 3760 964 3824 modestia
991 3778 1025 3824 se
1048 3777 1218 3820 commen-

171 3864 308 3957 dantem,
326 3873 488 3938 instituere
508 3871 548 3934 de
564 3867 662 3934 Phil.
683 3865 952 3934 Melunolrtltouis
980 3863 1076 3928 rebus
1101 3859 1218 3926 Tulin·

172 3977 327 4062 gentibus.
