2776 5124
387 419 585 489 Eutronrs
628 419 874 506 Paanrario.
1109 434 1149 508 41

101 589 173 672 qui,
194 587 369 671 auspicatus
390 605 464 646 cum
483 588 522 648 sit
541 583 725 670 professoris
745 586 862 671 publici
878 611 995 656 munus
1010 593 1155 656 oratione
1203 611 1205 616 ·

99 694 244 758 solemni
264 692 315 757 dic
335 695 445 779 quinto
466 691 560 756 Juuii
580 696 656 756 anni
678 700 868 779 sexagesimi,
886 698 1003 781 primi,
1029 713 1154 784 poterat

102 811 269 892 superlore
293 826 378 869 anuo
413 807 555 869 muneris
587 805 813 888 quinquaginta
850 824 950 874 annos
976 807 1152 872 felicissime
1197 848 1199 853 ⁴

102 920 228 1002 peracti
263 913 421 980 celebrare
458 915 651 976 memoriam
693 929 790 994 quam
829 909 1154 980 honorificentissime.

103 1025 196 1090 Talis
216 1023 340 1112 Senior,
361 1023 401 1088 de
420 1044 455 1086 re
475 1020 601 1107 publica
621 1031 653 1082 et
671 1018 821 1083 litteraria
833 1031 901 1082 tam
915 1021 1157 1105 praeclareme-

102 1137 196 1220 ritus,
214 1154 305 1197 carus
329 1130 459 1218 singulis
487 1129 529 1192 ob
555 1148 645 1213 eam,
673 1148 735 1212 qua
762 1131 899 1216 eminet,
925 1129 1156 1194 humanitatem

13 1228 15 1250 ³
102 1245 355 1328 cumssgravitate
375 1241 586 1324 conjunctam,
606 1248 642 1298 ut
662 1235 835 1299 diutissime
851 1250 1005 1322 superstes
1017 1249 1156 1320 maneat,
1253 1286 1256 1292 -

101 1363 141 1414 et
158 1349 248 1414 nullo
268 1352 353 1418 vitae
373 1360 516 1432 tempore
536 1349 644 1410 minus
664 1367 760 1430 quam
781 1345 877 1411 hodie
896 1348 1009 1435 valeat,
1029 1351 1098 1434 quis
1116 1352 1156 1413 sit

101 1456 264 1542 nostrtim,
285 1459 339 1541 qui
360 1475 427 1520 non
446 1476 575 1518 mecmn
595 1458 629 1516 in
650 1456 733 1518 votis
753 1451 866 1518 habeat
886 1460 1124 1541 maximopere?

190 1562 407 1649 Philosophici
427 1561 546 1626 ordinis
565 1559 768 1646 professores,
787 1553 1005 1647 praeceptores
1026 1586 1156 1628 memo.-

101 1677 155 1739 ria
187 1673 380 1760 dignissimi,
420 1683 510 1734 erant
550 1668 697 1736 Gonora.
723 1662 931 1758 Proocoour,
962 1669 1154 1740 Cnnrsrorn.

101 1781 137 1846 F
138 1803 204 1846 nm.
223 1779 353 1867 Senorr,
373 1801 486 1866 parens
507 1779 596 1843 Tuus
615 1760 903 1867 desideratissimus,
923 1778 1084 1868 J0.K1rs,
1104 1781 1155 1844 al-

101 1902 156 1954 ter
175 1890 264 1954 Tuus
282 1902 382 1977 pater,
402 1887 581 1953 lunarum
593 1876 794 1974 Horrrran‘u,
814 1887 899 1953 Lu».
912 1888 984 1954 Jos.
998 1887 1154 1955 Urimur.

191 1998 315 2066 Omnes
335 2003 513 2085 superstites
531 1997 638 2086 habui,
657 1997 767 2061 decem
788 1999 957 2082 interjectis
975 2003 1065 2063 annis
1085 1999 1154 2063 fac-

101 2121 156 2172 tus
174 2105 257 2193 prof.
276 2107 558 2188 extraordinarium
587 2129 662 2172 cum
679 2110 816 2173 triennio
838 2118 911 2190 post
928 2110 964 2170 in
985 2107 1154 2194 collegium

100 2222 174 2302 ipse
190 2214 401 2301 succederem,
422 2228 485 2280 tres
503 2215 665 2280 adsecutus
685 2237 758 2279 sum
778 2213 922 2300 collegas,
938 2237 1016 2300 quos
1029 2228 1065 2279 ut
1075 2220 1152 2303 ipse,

101 2324 194 2412 quod
212 2348 271 2412 par
292 2337 368 2412 erat,
387 2338 570 2393 reverenter
589 2323 673 2386 colui
692 2327 896 2409 susperique,
931 2326 975 2385 ita
1002 2335 1033 2386 et
1051 2323 1153 2388 bene«.-

98 2433 338 2502 volentissimos
358 2457 524 2521 nunquam
543 2456 611 2499 non
630 2455 702 2497 sum
721 2444 874 2519 expertus.
921 2429 1068 2497 Caeteros
1097 2438 1152 2501 vi-
1247 2463 1249 2470 ¹

100 2542 213 2610 vendo
234 2547 395 2629 superavit
415 2566 488 2611 ven.
508 2542 669 2635 Unnarn,
698 2564 772 2607 usus
797 2563 850 2608 me
873 2539 1098 2624 Respondente
1116 2544 1153 2607 in

100 2651 333 2738 propugnanda
352 2674 408 2716 sua
428 2651 642 2717 dissertatione
661 2649 840 2735 inaugurali
858 2670 943 2712 anno
958 2653 1152 2735 sexagesimo

99 2762 222 2846 primo,
241 2760 448 2845 postmodum
469 2782 595 2846 quoque
614 2764 649 2824 in
676 2758 815 2847 regenda
841 2757 1004 2844 disciplina
1031 2761 1153 2845 stipen-

101 2867 150 2932 dii
168 2867 336 2952 theologici
356 2890 485 2931 mecum
505 2871 787 2961 conjunctissimus.

188 2977 355 3042 Candidati
374 3000 519 3066 eramus,
545 2990 670 3064 praeter
698 2990 833 3062 quatuor
853 2975 1060 3064 Oppidanos,
1087 2974 1153 3040 Sti-
1223 3046 1225 3053 ‚

99 3083 259 3170 pendiarii
278 3091 394 3172 viginti
412 3100 544 3173 septem,
572 3091 656 3151 inter
676 3108 754 3171 quos
778 3085 904 3168 primus
929 3085 1016 3155 locus
1043 3084 1154 3170 obtigit

99 3192 199 3259 mihi:
213 3217 282 3281 qua
303 3202 394 3262 inre
413 3200 624 3261 certissimum
641 3194 703 3258 hoc
722 3204 779 3278 est,
804 3191 888 3255 haud
911 3193 1074 3278 quidpiam
1092 3197 1154 3257 tri-

99 3297 217 3364 butum
237 3303 331 3368 fuisse
350 3307 487 3392 nomini,
505 3307 529 3368 i.
548 3325 577 3368 e.
595 3301 743 3366 familiae.

183 3409 311 3475 Accidit
330 3413 489 3498 singulare
508 3425 539 3476 et
558 3432 715 3498 perquam
734 3409 944 3476 memorabile
963 3411 1041 3492 hoo,
1066 3413 1153 3501 quod

99 3513 272 3582 nobiscum
292 3542 357 3583 una
375 3521 499 3607 publice
519 3534 554 3612 et
572 3520 743 3588 solenniter
763 3514 980 3607 philosophiae
1003 3527 1153 3608 magister

99 3628 335 3692 renuntiaretur
358 3632 410 3696 vir
430 3631 539 3717 gravis
556 3640 587 3693 et
606 3641 770 3714 spectatus,
788 3631 866 3714 juris
883 3633 1046 3715 utriusque
1061 3631 1153 3692 Doe-

98 3747 156 3795 tor
175 3737 302 3819 ejusque
322 3740 357 3800 in
378 3734 437 3799 hac
456 3737 572 3823 schola,
603 3736 754 3823 singulari
777 3759 851 3800 cum
870 3738 974 3820 laude,
993 3737 1074 3823 prof.
1095 3759 1152 3800 or-

100 3840 209 3908 dinas.
229 3843 445 3910 Errnnaauos
466 3844 728 3915 Gnarsrornonus
748 3844 856 3932 Cirr-3
876 3858 1045 3931 postquam
1060 3843 1152 3911 brevi
1238 3851 1240 3855 ’

99 3960 178 4014 ante
195 3950 322 4037 publico
343 3951 515 4039 diplomate
536 3968 655 4018 creatus
674 3965 752 4018 esset
765 3941 982 4040 philosophiae
1001 3956 1150 4042 magister
