2776 5124
422 423 489 475 nuc
509 403 794 475 Tuaruorrsus.
826 403 838 425 ⁸
1089 423 1129 496 49

168 583 210 650 Et
228 581 335 672 primo
357 575 485 666 quidem
504 572 634 642 biennio
654 577 686 640 in
706 573 822 661 linguis
841 574 1020 664 artibusque
1043 592 1129 647 trac.

79 692 187 757 tendis
204 702 382 772 consumto,
400 698 524 773 praeter
542 684 722 748 Hnunrcuu
742 683 910 750 Brennum
924 701 955 751 et
968 686 994 751 J
995 709 1129 767 osunen

79 799 317 865 Brassrcauuu
343 807 568 886 praeceptores.
584 791 737 857 habuerat
759 790 970 858 Fnsucrscuu
989 795 1129 865 Situm-

80 930 174 996 mmr,
191 929 292 995 quem
312 918 345 970 et
363 905 462 968 coluit
478 915 510 966 et
530 900 637 965 dilexit
655 901 818 984 inprimis,
847 910 878 962 et
897 898 954 965 Jo.
973 901 1128 971 storm-

79 1037 156 1080 nuu
173 1015 444 1100 mathematicum,
463 1034 559 1097 quem
576 1013 714 1074 triennio
727 1009 892 1096 diligenter
901 1010 1034 1080 audivit.
1075 1016 1128 1081 Ad

78 1122 268 1189 sublimiora
286 1121 387 1187 studia
405 1119 579 1204 (facultates
599 1119 707 1183 dicunt
726 1117 919 1204 superiores)
936 1142 1128 1207 progressus,

80 1229 126 1295 ad
149 1227 345 1316 Theologiue
370 1226 509 1292 studium
535 1231 692 1311 maxime,
724 1225 879 1290 ferebatur
904 1226 1070 1316 Philippus
1097 1246 1128 1299 et

78 1359 140 1402 suo
159 1342 255 1423 ipsius
274 1359 377 1422 sensu,
397 1334 483 1421 qnod
501 1335 664 1422 religiosae
683 1338 804 1420 pietatis
832 1356 943 1398 arnore
969 1336 1128 1430 flagraret,

78 1458 113 1510 et
132 1450 242 1509 matris
262 1449 357 1509 etiam
376 1445 492 1512 viduae
511 1445 687 1520 voluntate3
713 1455 838 1528 patrem
863 1445 951 1507 enim
968 1467 1049 1531 puer
1068 1450 1127 1515 de-

77 1557 190 1617 cennis
208 1555 365 1617 amiserat.
406 1551 618 1637 Theologiam
638 1562 708 1613 tum
726 1546 957 1634 profitebantur
981 1550 1034 1617 hic
1052 1556 1131 1624 Jtc.

75 1660 191 1740 hur,
218 1660 405 1725 Steinhemii
424 1660 465 1722 ad
482 1657 653 1723 Murrham
684 1669 793 1737 natus;
821 1657 934 1725 Mirr.
960 1657 1128 1732 Pmmscn

76 1769 328 1834 Domstettensis
346 1781 377 1833 et
395 1767 521 1831 Purnus
541 1767 663 1831 anurt
684 1764 837 1831 oriundus
857 1764 1066 1834 Kirchhemio
1086 1773 1128 1838 ad

76 1877 228 1942 Nicrmn.
274 1875 468 1961 Praecipuus
494 1871 668 1941 habebatur
695 1872 840 1939 Lamnus
866 1873 938 1962 ille,
968 1881 1128 1946 maximae

74 2001 159 2052 time
175 1986 279 2050 famae
299 1995 391 2070 atque
416 1985 605 2049 auctoritatis
630 1978 811 2067 theologus,
838 1983 1046 2068 postmodum
1065 2009 1127 2061 aua

74 2109 157 2182 tem,
175 2096 292 2159 exortis
310 2093 518 2158 ecclesinsticis
540 2087 672 2156 dissidiis
700 2089 1025 2180 contentionibusque,
1043 2099 1127 2159 mire

73 2206 251 2290 exagitatus
281 2225 302 2266 e
327 2206 495 2290 puriorum
523 2222 689 2268 sacrorum
716 2197 871 2262 studiosis.
923 2197 1042 2286 Estque
1076 2202 1129 2266 hic

73 2311 166 2397 illes
181 2314 218 2375 in
244 2333 343 2398 quem
367 2325 449 2375 extat
468 2312 745 2376 Mumucnrnoms
770 2309 978 2375 ludibriosum
1008 2312 1128 2378 dictum

74 2418 158 2483 hoc:
177 2419 405 2506 „Habebamus
425 2419 591 2506 Tuhingae
612 2419 776 2482 doctorem
797 2417 994 2505 Theologiae
1018 2424 1128 2486 virum

72 2529 286 2615 ,penemqui
304 2525 453 2613 pingebat
471 2525 563 2590 nobis
581 2525 971 2591 transsubstantiationem.
1011 2508 1139 2593 Sitan-'

72 2647 173 2722 „tum
191 2634 380 2722 adpinxisset
401 2656 491 2698 aures
510 2638 657 2720 asininas,
679 2648 762 2699 recte
786 2629 940 2701 fecisset“

162 2741 355 2830 Theologiae
373 2730 443 2805 tuin
462 2747 603 2827 materia,
622 2756 658 2805 ut
677 2747 787 2832 nostis,
801 2764 871 2808 non
887 2765 993 2808 sacrae
1009 2745 1130 2809 litterae

74 2864 113 2917 et
131 2856 303 2939 scripturae
322 2853 452 2919 divinae
472 2864 571 2930 erant,
588 2851 646 2915 sed
665 2852 821 2938 quaedem
841 2851 993 2916 obscurae
1011 2864 1043 2916 et
1062 2855 1130 2938 spi-

75 2982 179 3027 nosae
196 2965 420 3047 intricataeque
438 2965 645 3047 quaestiones.
686 2965 851 3053 Philippus
872 2978 999 3050 autem,
1024 2987 1130 3050 quan·

77 3090 182 3156 qtram
202 3067 260 3132 illo
285 3071 382 3134 etiarn
406 3071 441 3131 in
470 3090 603 3158 genere,
631 3076 720 3137 tenui
747 3087 779 3136 et
805 3095 926 3158 aspum,
954 3072 1034 3136 nulli
1062 3093 1130 3135 non

79 3176 183 3247 modo
203 3179 258 3264 qui
276 3179 346 3262 pari
367 3189 465 3242 aetate
488 3192 576 3264 esset,
596 3179 651 3244 sed
671 3203 709 3244 ex
728 3180 977 3265 provectioribus
1003 3201 1132 3265 quoque

76 3284 217 3371 oedmet,
237 3305 324 3348 mox.
335 3297 443 3348 tamen
467 3291 571 3371 coepit
589 3292 756 3354 veritatem
775 3311 927 3374 quaerere
945 3301 976 3352 et
987 3288 1131 3374 amplec-

76 3398 117 3461 ti.
137 3393 461 3460 Animadvertebatur
478 3395 596 3460 librum
613 3395 729 3460 hahere
748 3399 783 3460 in
802 3397 948 3462 manibus
966 3396 1131 3483 intemplo

75 3516 115 3568 et
133 3509 216 3569 inter
234 3507 454 3591 operationem
475 3526 651 3569 sacrorum.
701 3503 786 3568 Cum
814 3507 973 3589 grandior
999 3506 1132 3593 quibus-

75 3611 161 3675 dam
179 3612 341 3679 videretur
361 3612 440 3677 liber
458 3613 531 3700 illis,
551 3613 664 3699 quibus
682 3637 815 3700 precum
838 3615 997 3681 formulae
1025 3619 1131 3682 conti-

78 3733 211 3787 nentin.
230 3724 347 3809 quique
364 3743 456 3786 more
475 3723 510 3786 in
529 3723 656 3808 templis
675 3723 817 3788 solebant
835 3729 998 3811 usurpari,
1027 3725 1132 3789 male-

79 3826 155 3896 voli
172 3826 303 3914 quidam
320 3829 518 3895 rumusculos
537 3843 728 3917 sparserunt,
746 3831 852 3919 legere
863 3830 1049 3918 Philippum
1057 3854 1133 3897 nes-

80 3939 137 4000 cio
157 3957 239 4022 quae
256 3939 385 4024 scripta,
410 3941 548 4025 tempori
573 3949 605 4002 et
630 3937 703 4001 loco
729 3937 776 4002 illi
806 3959 875 4006 non
900 3943 1135 4007 convenientia.

906 4053 928 4126 lt
