2776 5124
368 443 569 510 Enrronrs
604 440 851 514 Perenna.
1110 456 1130 514 9

80 606 341 675 Herrenalbensis
360 606 496 693 praesul,
515 629 604 675 socer
624 629 711 674 nunc
731 630 821 672 meus
841 611 932 674 omni
951 613 1073 697 pietatis
1092 637 1129 679 ac

79 699 298 784 observantiae
317 713 403 779 cultu
423 727 587 780 aeternum
602 714 850 802 prosequendus.
892 715 991 808 Quod
999 721 1130 805 quidem

79 848 149 891 eam
170 816 212 889 ob
232 843 359 889 causam
385 837 640 916 commemorare
666 822 776 912 volui,
804 829 957 910 quoniam
984 828 1038 891 illa
1063 833 1132 915 ipsa

78 956 127 1000 res
146 937 288 1020 pritnam
307 931 388 996 mihi
408 935 608 997 occasionem
628 931 772 1020 praebuit
792 920 977 996 familiarius
989 939 1132 1001 innotes-
1215 998 1221 1004 .

79 1041 172 1107 cendi
191 1043 264 1108 viro
284 1037 470 1126 venerabili,
489 1045 545 1127 qui
564 1045 619 1104 rire
638 1039 678 1104 ab
699 1041 758 1103 isto
778 1048 922 1125 tempore
941 1053 1028 1106 tanta
1040 1066 1133 1107 com-

78 1149 189 1239 plexus
209 1159 255 1212 est
273 1146 506 1235 benevolentia,
525 1161 561 1212 ut
580 1147 672 1216 brevi
689 1160 761 1234 post
780 1145 885 1212 filium
906 1170 1034 1236 quoque
1057 1157 1133 1214 uni-

80 1279 164 1344 cum,
184 1255 239 1320 Iu.
260 1251 431 1342 Gor-rem,
452 1255 529 1321 AA.
548 1278 635 1320 nune
654 1275 739 1343 mag.
759 1257 843 1321 etin
865 1257 1022 1341 stipendio
1040 1259 1134 1324 theo-

80 1367 144 1452 log.
173 1361 465 1452 bibliothecarium,
493 1363 676 1452 disciplinae
703 1385 796 1428 meae
823 1361 970 1433 traderet.
1022 1366 1135 1454 Itaque

81 1494 147 1541 non
166 1471 266 1536 modo
286 1492 344 1557 per
363 1467 461 1536 omne
479 1471 559 1535 illud
579 1484 719 1560 tempus,
749 1493 813 1558 quo
833 1471 1002 1561 Tubingae
1024 1498 1135 1544 versa-

82 1582 138 1648 bar
157 1580 336 1648 studiorum
355 1584 464 1667 gratia,
482 1579 659 1667 benignum
678 1602 712 1644 se
732 1578 815 1643 mihi
843 1601 880 1644 ac
906 1601 1016 1646 rerum
1044 1607 1136 1649 mea·
1166 1604 1169 1608 ·

83 1713 155 1756 rum
175 1689 440 1756 studiosissimum
457 1687 614 1777 praebuit,
643 1687 699 1753 sed
717 1687 814 1752 talem
840 1710 874 1753 se
900 1694 996 1753 etiam
1016 1706 1135 1782 postea,

84 1798 203 1865 absenti
223 1819 280 1884 per
298 1796 416 1860 litteras
435 1795 616 1884 frequenter
635 1795 676 1858 ad
695 1819 748 1860 me
768 1796 864 1884 datas,
885 1810 916 1861 et
934 1786 1042 1862 reduci
1053 1801 1135 1864 facto

86 1906 234 1971 omnibus
262 1905 331 1970 aliis
360 1906 465 1971 modis
493 1903 729 1993 comprobavit,
758 1905 859 1970 donec
887 1907 1036 1995 tandem,
1065 1925 1138 1996 post

87 1996 329 2078 clementissime
355 2013 581 2079 demandatum
609 2013 733 2079 mihia
761 2011 967 2079 Sereuissimo
988 2014 1138 2104 Principe

87 2123 268 2209 professoris
286 2143 414 2208 munus,
433 2126 611 2184 maximum
631 2120 719 2208 quod
737 2133 790 2184 aut
814 2120 882 2186 dari
908 2120 947 2186 ab
973 2123 1055 2211 1110,
1084 2140 1138 2191 aut

91 2251 183 2295 ame
202 2234 374 2316 exspectari
393 2241 537 2316 unquam
555 2243 688 2317 poterat,
714 2227 907 2294 beneficium
930 2230 1011 2294 mihi
1029 2235 1140 2298 confe-

90 2337 189 2424 rebat,
208 2350 244 2401 ut
262 2336 363 2405 filiam
382 2342 529 2424 unicam,
548 2337 700 2402 Loursau
722 2336 959 2425 Curuanrusu,
979 2344 1139 2427 virginem

89 2445 256 2514 virtutihus
277 2443 425 2509 omnibus
446 2449 689 2531 ornatIssimam,
709 2445 796 2510 daret
814 2443 895 2508 mihi
913 2449 948 2512 in
968 2454 1139 2514 matrimo-

89 2557 189 2621 nium;
234 2550 341 2643 Quod,
361 2564 397 2614 ut
416 2551 475 2614 fuit
495 2552 596 2615 adhuc
616 2551 832 2637 laetissimum,
858 2556 903 2615 ita
922 2557 956 2618 in
976 2570 1139 2640 posterum

89 2683 216 2748 quoque
234 2662 364 2728 beatum
383 2685 422 2753 ex
441 2667 532 2729 omni
551 2674 642 2751 parte
661 2672 692 2725 et
718 2659 904 2725 diuturnum
924 2661 1034 2727 reddat
1051 2665 1140 2731 Deus

89 2769 133 2836 o.
154 2771 204 2839 M.
865 2838 867 2842 ,
1036 2755 1037 2758 ‘
1130 2783 1131 2787 Ν

174 2879 238 2946 Sed
265 2893 302 2945 ut
320 2881 451 2946 redeam
476 2879 519 2944 ad
545 2885 760 2946 narrationem
789 2881 830 2946 de
854 2883 922 2949 vita
948 2880 1140 2970 academica,

89 2992 126 3055 in
145 2987 303 3075 theologia
323 2988 416 3052 duces
437 2986 533 3051 habui
551 2988 734 3076 Rnossmrr,
759 2989 891 3076 magnif.
923 3011 960 3052 ac
986 3013 1140 3056 reveren-

91 3097 165 3162 diss.
184 3102 396 3166 universitatis
411 3096 643 3186 cancellarium,
662 3121 797 3163 necnon
810 3098 943 3164 Comae
954 3097 1142 3181 atqueSAu-

90 3227 228 3292 roaruu,
250 3209 336 3272 viros
355 3227 481 3272 summe
504 3226 628 3293 vener,
648 3228 728 3292 quos
757 3206 796 3270 de
818 3228 872 3269 me
894 3205 1142 3290 praeclarissime

91 3316 234 3400 meritos,
253 3326 288 3376 ut
315 3312 370 3377 diu
395 3322 523 3380 servare
544 3312 618 3376 huic
648 3312 827 3377 academiae
856 3316 1014 3397 novisque
1041 3312 1142 3378 indies

91 3419 215 3488 viribus
234 3419 383 3486 achonis
403 3418 552 3485 omnibus
570 3433 710 3484 mactare
729 3422 808 3489 velit
821 3410 910 3485 Deus
928 3442 1083 3508 summus,
1103 3445 1142 3485 ex

93 3534 204 3592 auimo
232 3551 356 3615 precor.
407 3527 561 3593 Assiduus
593 3542 753 3615 praeterea
779 3529 827 3593 fui
852 3534 887 3594 in
906 3529 1142 3615 frequentandis

93 3636 356 3724 praelectionibus
375 3659 400 3704 s.
423 3636 621 3726 venFanur,
642 3636 817 3724 eodemque
829 3636 972 3724 praeside
985 3658 1037 3700 an.
1046 3635 1142 3700 LXV
1229 3655 1233 3663 ’

93 3745 220 3832 publice
238 3747 364 3814 defendi
383 3750 503 3815 dissert.
522 3738 667 3836 theolog.
687 3747 727 3812 ad
755 3743 983 3813 confutandum
1006 3742 1143 3829 impium

93 3853 249 3940 libellum,
272 3854 469 3918 Calecltisme
488 3857 528 3917 de
548 3855 709 3918 l'bonndte
726 3854 870 3934 homme,
899 3852 953 3916 abs
980 3874 1034 3914 me
1061 3872 1141 3914 cou-

34 3949 36 3956 ’
90 3964 244 4048 scriptam
264 3985 339 4028 eum
358 3966 394 4028 in
414 3959 524 4047 finem,
544 3975 578 4024 ut
597 3972 715 4025 extaret
730 3959 864 4046 'aliquod
884 3962 1045 4046 specimen
1060 3979 1138 4044 pro-
