2776 5124
250 452 315 514 206
619 440 673 508 Da
691 437 936 526 Huommsnr,

251 613 423 679 Borussiae
449 607 582 678 antehac
601 605 738 694 Legatos
759 598 1054 691 Constantinopoli,
1081 621 1168 669 nunc
1195 604 1308 692 privat

251 736 320 791 tam
342 725 446 792 vitam
464 739 561 808 agens
580 715 748 800 Berolini,
761 717 817 802 qui
834 717 871 780 in
890 713 1044 800 opusculo

362 829 473 894 Ueber
493 825 601 892 Inhalt
618 822 686 887 und
697 821 855 910 Vortrag,
874 820 1076 908 Entstehung
1091 819 1159 886 und
1173 818 1309 888 Schick.

335 939 402 1004 sale
428 937 483 1002 des
501 930 716 1021 K'dniglichen
737 929 862 1015 Buchs‚
896 932 983 994 eines
1001 927 1130 997 Werks
1155 951 1225 998 von
1251 931 1309 997 der

334 1042 629 1132 Regiorungskunst
655 1079 698 1094 —
724 1039 837 1105 Berlin
859 1042 950 1103 1811.
973 1042 1003 1103 8.

249 1152 429 1238 contendit,
458 1173 571 1221 veram
593 1159 789 1234 certamque,
818 1158 852 1210 at
872 1148 1068 1232 incognitam
1087 1146 1175 1234 aliis,
1203 1149 1305 1234 origi.

249 1286 328 1330 nem
347 1261 422 1328 libri
442 1283 509 1328 esse
525 1259 625 1346 banc,
646 1257 734 1345 quod
747 1268 893 1342 tempore
906 1253 1154 1342 Nuschirwani,
1177 1254 1307 1322 Persiae

248 1375 348 1460 regis,
367 1369 497 1434 saeculo
517 1379 625 1449 sexto,
647 1371 714 1453 ejus
735 1367 770 1430 in
790 1354 1040 1433 administrantia
1058 1367 1220 1453 republica
1238 1367 1307 1431 Mi.

248 1487 361 1569 nister,
382 1479 479 1543 Buzri
499 1474 724 1562 Dschumhtir,
743 1477 882 1562 primus,
904 1498 944 1543 ex
963 1491 1021 1542 suo
1041 1480 1136 1541 unius
1156 1478 1304 1564 ingenio,

247 1613 324 1656 eum
348 1591 528 1674 conceperit
552 1588 772 1674 scripseritque
792 1585 902 1674 lingua
921 1599 993 1652 tum
1011 1587 1118 1654 Persis
1139 1587 1306 1676 familiari,

247 1698 331 1765 dicta
350 1696 506 1764 Pehlewi.

329 1829 377 1895 At
395 1828 473 1895 haee
493 1828 534 1894 de
554 1841 628 1904 ortu
646 1831 811 1918 patriaque
829 1829 904 1898 libri
925 1834 1066 1920 quaestio
1086 1833 1153 1920 jam
1173 1853 1244 1898 non
1264 1830 1304 1897 ad

247 1960 309 2006 nos
334 1943 486 2027 pertinet,
515 1949 548 2004 et
574 1961 770 2027 auguramur
796 1945 909 2028 etiam,
938 1942 1088 2006 Diezium
1112 1943 1239 2026 ipsum,
1270 1963 1306 2006 re

246 2051 350 2135 magis
377 2053 519 2136 cognita,
547 2049 588 2113 ad
615 2070 670 2114 eos
696 2073 763 2116 esse
783 2074 999 2137 accessurum,
1027 2049 1180 2135 aquibus
1202 2048 1305 2114 disce-

245 2156 390 2222 dendum
408 2156 468 2222 sibi
489 2178 555 2223 esse
570 2157 738 2224 arbitratus
755 2171 811 2226 est.
852 2159 906 2226 De
923 2159 1126 2223 versionibus
1140 2157 1217 2223 libri
1232 2161 1305 2225 aui-

250 2288 324 2334 mus
343 2279 390 2332 est
410 2266 524 2333 dicere.

327 2400 371 2466 Et
390 2404 553 2468 versiones
572 2398 647 2465 libri
665 2401 764 2466 factae
784 2417 859 2469 sunt
874 2401 941 2467 fere
960 2413 1025 2486 tot,
1051 2413 1129 2489 quot
1143 2416 1220 2468 sunt
1235 2403 1302 2470 lin-

246 2529 328 2598 guae
349 2507 509 2594 cultiores,
530 2506 686 2595 Arabica,
705 2511 943 2600 neo-Persica,
964 2509 1111 2600 Syriaca,
1129 2513 1302 2600 Hebraico,

248 2616 383 2682 Graeca.
423 2615 473 2680 Ex
492 2614 651 2683 Hebraica
671 2622 817 2686 manavit
831 2619 978 2706 Latina,
998 2643 1079 2707 quae
1093 2623 1201 2709 prima
1217 2627 1304 2710 typis

245 2727 329 2791 edita
350 2737 410 2813 est,
438 2746 543 2810 neque
568 2746 690 2789 annum
710 2725 863 2812 profitens
883 2750 987 2818 neque
1005 2729 1130 2818 locum,
1158 2729 1217 2796 sed
1236 2733 1303 2798 fere

243 2856 329 2901 anno
352 2839 431 2914 1180
451 2831 538 2897 haud
560 2835 728 2923 posterior,
752 2837 917 2924 inscripta:

365 2942 583 3014 Directorium
612 2941 772 3009 humanae
798 2947 901 3033 vitae,
930 2944 1007 3014 attae
1029 2944 1208 3014 Parabolae
1234 2969 1298 3016 an-

429 3055 595 3138 tiquorum
614 3048 812 3138 Sapientum.
837 3054 892 3124 fot

325 3183 454 3250 Abhinc
479 3189 515 3251 in
536 3185 718 3252 Occidentis
743 3187 867 3274 linguas
890 3187 1117 3275 complurimas
1145 3187 1297 3254 dimana-

243 3299 302 3386 vit,
322 3297 410 3383 quod
430 3300 465 3362 in
485 3310 627 3361 extremo
642 3296 775 3364 Oriente
796 3309 904 3362 ortum
923 3310 978 3362 est.
1019 3296 1131 3362 Prima
1148 3303 1300 3363 omnium

242 3409 362 3493 versiO,
391 3405 601 3492 Germanica,
629 3403 750 3493 prodiit
768 3403 887 3470 Ulmae
916 3409 995 3486 1483
1022 3428 1061 3469 ex
1084 3405 1299 3494 typographia

243 3511 426 3580 Leonhardi
446 3512 542 3601 Holl,
569 3516 626 3600 qui
645 3517 793 3603 proximo
812 3516 880 3602 jam
899 3535 1002 3604 anuo,
1022 3536 1125 3604 eoque
1145 3519 1201 3584 vir
1221 3539 1295 3582 mo-

243 3623 315 3710 dio,
341 3644 465 3693 novam
483 3621 629 3692 absolvit.

324 3754 435 3821 Exstat
459 3777 538 3827 vero
564 3760 661 3823 etiam
683 3756 780 3824 editio
802 3759 880 3824 anni
900 3758 1025 3848 locique
1043 3762 1171 3847 incerti,
1193 3781 1293 3850 quae,

241 3861 336 3932 nobis
363 3865 434 3935 visa
461 3877 494 3932 et
525 3871 650 3956 penitus
683 3869 827 3958 cognita,
865 3868 993 3941 videtur
1024 3870 1131 3958 prima
1160 3890 1230 3936 esse
1261 3882 1295 3936 et

241 3993 401 4065 princeps.
