2776 5124
505 367 628 434 anor.
648 389 684 434 ar
704 367 959 436 Caucrrmrnos.
1189 373 1246 434 135
1310 422 1315 429 .

141 550 145 556 ’
198 545 265 596 tarn
295 531 483 619 aBrenrto,
510 533 756 604 examinandam
780 529 1110 621 confirmandamque,
1140 535 1195 600 sed
1215 551 1247 602 et

196 645 264 726 ipse
281 647 394 705 missus
409 656 469 722 est,
491 664 564 706 cum
579 643 728 722 Brenno,
746 641 914 726 Bernlino,
934 640 1082 728 Vanum,
1104 643 1245 710 Triden-

196 762 265 812 tum
286 747 327 812 ad
347 749 483 814 eandem
504 770 613 814 coram
626 748 771 815 Concilio
789 745 1031 817 defendendam.
1074 750 1170 815 Unde
1189 775 1244 819 re-

193 879 305 924 versus
330 857 448 922 indicta
473 879 581 945 causa,
612 862 715 943 coepit
739 878 872 921 omnem
899 878 1031 942 operam
1056 859 1243 945 impendere
1321 947 1323 951 ι

192 964 328 1044 Patrum
353 967 633 1032 ecclesiasticorum
659 967 780 1052 scriptis
802 964 1041 1051 cognoscendis,
1062 966 1242 1055 tribuitque

190 1072 240 1137 his
260 1073 402 1160 legendis
422 1096 522 1140 annos
543 1088 677 1161 quatuor
698 1095 772 1137 cum
791 1072 938 1161 dimidie,
963 1085 1000 1138 ut
1013 1075 1146 1140 Patrum
1163 1099 1240 1142 sen-

190 1186 301 1246 tentias
328 1181 367 1247 de
393 1182 541 1248 omnibus
560 1182 756 1269 theologicae
776 1182 936 1246 doctrinae
956 1183 1107 1268 capitibus
1130 1188 1165 1248 in
1185 1187 1238 1248 lo-

188 1309 243 1352 cos
264 1311 451 1354 communes
470 1290 639 1376 digereret3
669 1289 757 1375 quod
776 1274 851 1376 ipsi,
881 1290 1027 1378 deinceps
1048 1306 1157 1357 contra
1177 1293 1237 1357 ad-

184 1404 345 1468 versarios
371 1400 519 1465 scribenti
543 1412 575 1464 et
601 1399 784 1484 disputanti,
820 1419 997 1486 permagno
1023 1413 1090 1465 erat
1109 1405 1179 1465 usui
1199 1422 1236 1464 ae

184 1507 381 1594 adjumento.
420 1507 578 1573 Absoluta
596 1520 724 1593 patrum
746 1505 898 1593 lectione,
927 1529 1012 1570 anno
1036 1511 1234 1596 quinquage-

184 1619 268 1680 simo
295 1630 382 1681 sexto
408 1621 561 1702 expetitus
585 1638 603 1680 a
623 1613 757 1699 carolo,
792 1614 982 1679 MarchIone
1005 1615 1157 1703 Badensi,
1191 1614 1233 1679 ad

182 1723 423 1788 reformandam
447 1746 523 1789 suae
539 1723 673 1790 ditionis
695 1723 874 1810 ecclesiam,
903 1726 1026 1811 ipquue
1050 1723 1232 1790 aChristo-

180 1830 286 1918 phoro
309 1833 401 1895 Duce
424 1852 590 1899 concessus
611 1831 652 1895 ad
675 1835 769 1923 unius
797 1834 875 1902 anni
895 1836 1047 1918 spatium,
1075 1832 1231 1897 familiam

178 1942 339 2004 transtulit
362 1942 618 2029 Plorahernium,
646 1939 702 2004 ubi
722 1939 968 2006 Ordinationem
991 1939 1231 2005 ecclesiasticam

179 2052 376 2134 conscripsit,
397 2050 512 2115 eodem
528 2073 614 2116 anno
626 2051 759 2115 nomine
776 2062 808 2112 et
822 2052 1003 2112 auctoritate
1013 2047 1120 2114 Caroli
1134 2053 1229 2136 prin-

177 2163 255 2244 cipis
282 2159 529 2244 promulgatam.
578 2158 642 2224 Sed
664 2180 739 2220 cum
764 2160 819 2223 vix
840 2157 920 2221 duos
939 2177 1063 2224 menses
1082 2156 1230 2239 abfuIsset

176 2290 196 2330 e
215 2271 332 2353 patria,
363 2266 482 2331 factum
505 2280 567 2354 est,
595 2280 631 2330 ut
653 2263 848 2351 Theologiae
869 2265 1026 2361 professor
1050 2264 1229 2331 ordinarius

174 2379 211 2437 in
235 2373 295 2437 hac
310 2373 416 2438 schola
434 2389 543 2440 nostra
562 2376 800 2443 constitueretur
815 2370 942 2456 (1557).
980 2371 1113 2435 Peracto
1128 2376 1224 2458 igitur

172 2503 278 2565 anno,
306 2481 400 2548 rebus
425 2486 461 2548 in
481 2482 706 2548 Marcbionatu
731 2481 814 2546 bene
832 2483 1023 2566 constitutis,
1051 2480 1225 2566 professio-

149 2673 153 2680 ,
173 2610 253 2655 nem
275 2589 488 2655 academicam
507 2613 635 2656 exorsus
655 2603 702 2656 est
716 2589 856 2655 feliciter.
897 2589 1069 2660 Ordnarra
1088 2593 1154 2676 ejus
1175 2589 1223 2652 le·

172 2704 236 2762 ctio
255 2705 357 2784 posita
375 2715 441 2764 erat
456 2706 492 2769 In
508 2700 721 2780 Pentateucho
735 2696 982 2791 interpretando
1015 2697 1124 2784 Atque
1136 2696 1222 2777 buno

169 2811 376 2892 pertractavit
392 2819 534 2891 quotuor
552 2808 691 2895 vicibus,
713 2807 918 2895 quadraginta
933 2816 1094 2870 annorum
1108 2811 1221 2893 spatio.

171 2913 387 3002 Summopere
404 2915 549 2980 laudatur
572 2919 635 2980 viri
658 2922 695 2983 in
713 2916 867 2982 obeundis
885 2915 1070 2981 muneribus
1090 2913 1169 2980 fides
1189 2925 1221 2977 et

168 3023 312 3091 facultas.
350 3024 498 3089 Docendi
522 3029 680 3090 rationem
707 3024 820 3089 dicitur
843 3037 964 3089 secutus
989 3048 1056 3089 esse
1077 3030 1220 3092 maxime

169 3155 259 3218 earn,
293 3155 390 3219 quarn
417 3136 485 3218 ipse
512 3155 550 3196 ex
579 3135 729 3218 magistro
759 3133 925 3222 didIcerat,
960 3135 1220 3203 Melanchthone.

167 3239 298 3324 Scripsit
317 3237 476 3324 ediditque
490 3239 753 3328 quamplurima,
774 3241 1010 3328 Disputationes
1025 3243 1219 3309 academicas

167 3351 328 3433 octoginta
357 3359 388 3409 et
413 3347 568 3433 amplius,
602 3369 739 3433 quarum
767 3371 852 3414 anno
877 3359 1071 3439 octogesimo
1102 3369 1217 3422 octavo

166 3457 365 3540 septuaginta
386 3465 417 3518 et
436 3455 575 3542 aliquot,
604 3476 684 3540 quae
700 3470 770 3524 turn
785 3459 984 3548 prodierant,
1010 3465 1126 3529 iterum
1144 3463 1216 3529 edi-

169 3577 219 3626 tae
241 3560 520 3648 WittembergaQ
537 3575 661 3648 praeter
678 3564 920 3652 disputationes,
942 3574 1114 3660 orationes,
1134 3596 1216 3660 con-

165 3673 288 3756 ciones,
314 3669 415 3732 multa
433 3683 463 3733 et
484 3675 575 3736 varia
595 3676 745 3760 opuscula
761 3692 792 3739 et
809 3699 923 3763 opera,
947 3685 1121 3762 maximam
1136 3704 1213 3768 par-

164 3791 230 3842 tem
253 3777 430 3865 polemica,
461 3793 571 3845 contra
591 3780 779 3851 Calvinistas
803 3797 835 3848 et
858 3784 1012 3852 Jesuitas:
1046 3811 1142 3873 quare
1161 3790 1212 3852 fa-

164 3897 250 3949 cturn
271 3899 333 3972 est,
360 3900 395 3951 ut
411 3885 600 3976 adversarii,
630 3889 759 3952 nomine
775 3897 910 3959 auctoris
925 3895 1082 3982 ludentes,
1110 3909 1145 3962 ut
1161 3898 1211 3963 fe-
