2776 5124
472 445 593 514 Tutor..
614 466 652 517 sa
670 449 929 518 Crucrnmnrus.
1167 451 1225 518 tts

173 614 305 678 luctans
347 609 495 698 Cumque
514 635 581 680 non
602 612 744 678 deessent
758 618 818 702 >qui
836 611 1027 682 dictitarent:
1056 611 1225 678 Haienref.

171 719 232 791 feri
259 742 418 807 personna
442 725 546 809 tnagis
572 719 752 786 consultum
777 744 844 786 esse
870 740 969 806 quam
987 728 1115 786 muneri
1136 721 1240 788 Can-1

171 827 348 894 celtartatus
372 827 488 915 (forte,
506 828 604 916 'quod
623 840 788 915 putarent,
817 829 999 894 auctoritate
1013 829 1104 894 illurn
1118 836 1243 903 minus¹

171 933 315 1022 valere),
335 937 419 1023 ipse,
438 934 516 1001 haec
531 936 657 1001 aliunde
669 937 811 1023 edoctus,
832 940 924 1002 tacite
937 938 1115 1006 istiusmodi
1129 962 1224 1006 voces

170 1043 292 1110 ferebat
310 1055 342 1109 et
360 1042 494 1130 placide.
537 1043 625 1111 Rem
639 1043 830 1115 familiarem
845 1048 889 1109 ita
904 1048 1067 1134 tractavit,
1086 1058 1122 1110 ut
1137 1047 1222 1112 haud

171 1151 312 1219 multum
338 1171 433 1218 curae
460 1149 614 1226 tribueret
638 1153 686 1220 illi
712 1154 886 1242 augendae.
922 1152 1056 1237 ⁸Crebro
1076 1153 1223 1218 laudabat

170 1261 228 1328 Jo.
249 1261 388 1348 Brenni,
427 1263 544 1348 soceri,
578 1259 829 1346 pulcherrimum
852 1262 987 1348 facturn,
1024 1280 1089 1348 quo
1114 1261 1221 1326 hono-

167 1372 292 1437 rarium
311 1381 440 1434 centum
459 1390 645 1457 aureorum,
672 1369 732 1435 sibi
752 1392 772 1434 a
790 1367 1020 1457 christophoro
1036 1369 1222 1443 'Wiirtern-

168 1475 298 1565 bergine
316 1477 409 1544 Duce
430 1475 572 1542 oblatum
591 1477 815 1562 pro-dedicato
834 1480 869 1541 in
891 1478 1066 1566 Epistulam
1088 1480 1129 1544 ad
1147 1481 1221 1546 Ro-

168 1604 286 1653 manos
318 1588 569 1669 commentario,
602 1583 746 1667 modeste
774 1589 947 1669 recusavit,
990 1609 1032 1655 ne
1060 1587 1220 1654 videretur

167 1706 335 1781 quaestum
354 1691 457 1758 facere
476 1691 561 1775 velle
577 1713 616 1761 ex
630 1690 817 1780 Theologia.
859 1691 980 1769 Crebro
992 1697 1128 1782 ingenue
1139 1719 1220 1783 prn-
1269 1776 1271 1781 Ι

165 1801 329 1868 fitebatur:
357 1822 426 1866 non
446 1819 539 1886 posse
558 1821 593 1866 se
612 1801 708 1867 simul
727 1815 760 1865 et
779 1804 983 1867 sacrosanctis
997 1799 1109 1871 Bibliis
1128 1826 1218 1868 scru-

164 1909 269 1978 tandis
300 1921 332 1974 et
361 1908 503 1996 profanis
535 1906 653 1976 divitiis
681 1911 904 1978 coacervandis
930 1912 1032 1994 studia
1064 1937 1218 2001 utrasque

165 2017 362 2108 impendere.
390 2055 434 2070 -
465 2015 516 2081 Ita
537 2037 618 2099 vero
642 2015 776 2109 factum,
812 2035 847 2082 nt
866 2017 999 2086 subinde
1019 2023 1061 2089 ad
1080 2029 1218 2110 conjun-

166 2131 302 2195 ctionem
323 2128 462 2192 amicum
480 2125 554 2213 talia
572 2123 764 2212 proferetur:
791 2128 872 2217 „Ille
893 2145 924 2194 et
944 2134 1016 2218 iste,
1034 2134 1085 2196 hic
1105 2146 1137 2196 et
1153 2133 1217 2197 aliis

165 2259 235 2306 non
264 2238 371 2299 minus
398 2224 484 2298 olim¹
505 2227 658 2320 pauperes
686 2232 776 2298 fuire
801 2257 899 2321 quam
924 2259 999 2324 agn,
1035 2238 1083 2308 ittt
1108 2253 1216 2306 tamen

166 2345 264 2410 hodie
283 2344 445 2430 pecuniosi
465 2354 552 2426 sunt,
577 2340 724 2429 'opulenti
741 2357 829 2430 sunt,
860 2344 958 2409 multa
979 2346 1079 2410 millia
1098 2368 1216 2410 nume-

165 2465 255 2533 rant3
276 2466 306 2516 at
321 2451 390 2538 Ego
411 2467 537 2536 semper
551 2445 643 2513 Hans
662 2453 697 2513 in
710 2448 857 2518 eodem“.
897 2451 972 2542 Ipse
988 2454 1115 2540 quidem
1130 2468 1216 2523 tem-

165 2574 315 2651 peranter
339 2559 467 2627 vivebat
493 2571 524 2624 et
549 2556 729 2646 frugaliter:
760 2559 914 2646 siquando
940 2567 1068 2648 corpori
1094 2584 1215 2628 vacan-

162 2671 247 2739 dum
275 2678 370 2756 esset,
405 2687 541 2734 secessus
570 2663 756 2754 quaerebat,
789 2679 821 2730 et
848 2667 1037 2762 plerumque
1062 2673 1097 2735 in
1117 2669 1216 2736 hortis

164 2777 353 2845 suburbanis
380 2799 415 2842 se
441 2770 495 2843 vel
520 2776 629 2842 studiis
651 2775 985 2864 meditationibusque,
1015 2778 1069 2844 vel
1094 2781 1167 2842 otio.
1183 2791 1215 2842 et

163 2884 326 2972 colloquio
346 2906 421 2949 cum
441 2887 551 2950 amicis
570 2883 724 2950 tradebatt

251 2993 314 3060 Sed
335 2996 465 3075 hospitii
485 3015 522 3058 ea
551 3006 618 3056 erat
642 2993 770 3058 facilitas
792 3008 822 3059 et
844 2975 1054 3081 moestitudo,
1087 3005 1122 3058 ut
1140 2992 1214 3059 Ha-

163 3105 326 3176 fenrefferi
351 3125 462 3168 mensa
486 3107 556 3168 siue
579 3099 703 3188 hospite
722 3113 801 3166 esset
818 3101 883 3164 i'ere
902 3123 1082 3188 nunquam5
1110 3114 1145 3166 ut
1162 3105 1214 3188 ip-

164 3199 231 3285 sius
252 3215 367 3281 domus
388 3215 544 3299 exciperet
561 3207 716 3297 advenas,
736 3207 815 3295 quos
835 3208 889 3272 alii
901 3207 1058 3296 Theologi
1077 3209 1214 3296 repelle-

164 3325 259 3412 bant,
289 3336 320 3388 et
346 3345 388 3386 ne
416 3324 574 3408 caupones
603 3298 733 3404 quidem
761 3327 851 3382 erant
877 3315 1054 3381 admIssttri.
1102 3318 1214 3382 Refert

164 3433 309 3501 Lansius'
334 3428 475 3515 lepidam
504 3427 670 3516 historiam
703 3427 743 3491 de
770 3425 946 3489 istiusmodi
975 3423 1122 3512 homine,
1157 3427 1217 3512 qui·

165 3540 328 3607 Comitem
362 3536 481 3602 Italum
507 3559 543 3602 se
570 3533 769 3621 venditabat,
805 3535 967 3624 religionis
993 3558 1086 3604 eausa
1113 3537 1212 3602 domo

164 3649 355 3736 profugum,
379 3659 410 3710 et
428 3648 522 3710 sacris
542 3644 671 3730 hospitii
688 3641 874 3707 abutebatur
891 3648 1034 3731 turpiter.
1071 3646 1113 3712 Et
1133 3667 1212 3712 vero

164 3758 243 3822 haec
272 3758 377 3819 omnis
404 3756 505 3818 oratio
528 3752 675 3818 Thomae
699 3748 808 3814 Lansii
835 3751 961 3819 videtur
990 3764 1021 3818 et
1048 3753 1152 3817 habita
1181 3762 1213 3816 et

165 3864 250 3928 edita
269 3863 363 3929 fuisse
384 3883 422 3926 eo
443 3864 582 3926 maxime
603 3857 668 3924 fine
674 3905 684 3943 ,
710 3870 746 3920 ut
765 3858 858 3922 multi
876 3863 1015 3925 sinerent
1033 3883 1067 3925 se
1086 3863 1211 3924 excitari

164 3971 205 4034 ad
224 3969 399 4057 juvandam
419 3970 550 4040 viduam
570 3992 644 4035 cnm
663 3967 753 4054 prole
771 3967 885 4054 opibus
906 3964 1094 4033 destitutam.
