2776 5124
376 485 529 553 trampus
545 486 699 537 crascone
718 486 862 534 sennar.
967 556 968 559 Ἴ
1068 485 1128 557 211

48 599 55 611 ’
103 672 105 675 -
157 639 267 701 incus
278 632 429 720 editione,
449 651 524 718 pag.
540 636 596 699 to..
609 633 713 718 posuit
730 634 765 697 in
781 652 838 703 ora
852 631 894 700 ad
910 633 993 702 bunc
1008 637 1131 711 locum:

157 745 212 810 das
230 742 320 808 Buch
341 738 404 807 der
415 740 511 845 Alton
530 735 739 827 Weisen)“.-1

176 852 256 917 Vim
275 848 369 916 habet
383 861 477 937 atque
489 851 704 913 auctoritatem
717 847 779 912 hoc
795 849 912 916 dictum
924 856 1129 952 singularem,

94 963 181 1050 quod
208 966 275 1048 ejus
301 975 361 1048 est,
394 962 450 1046 qui
473 955 582 1042 rebus,
615 954 655 1020 de
681 955 794 1042 quibus
820 959 919 1025 verba
941 963 1030 1053 facit,
1061 992 1130 1038 non
1244 1020 1249 1031 ,

91 1073 191 1138 modo
209 1085 362 1168 praesens,
373 1067 448 1155 firit,
466 1064 523 1133 sed
543 1085 623 1132 vero
642 1067 738 1129 etiarn
756 1069 831 1152 ipsis
849 1070 1003 1161 interfuit,
1021 1089 1130 1164 utpote

91 1181 132 1245 ab
159 1185 279 1268 optimo
305 1181 448 1265 principe
473 1173 514 1240 ad
538 1195 629 1239 suam
653 1193 785 1258 operam
809 1178 843 1240 in
868 1179 1133 1254 vertendistibfis

91 1288 313 1376 praestandam
332 1309 406 1351 cum
425 1284 492 1350 aliis
510 1279 679 1368 exhibitus,
700 1280 786 1366 quod
805 1285 871 1368 ipse
890 1298 1027 1357 testatur.

177 1395 270 1489 Quae
289 1418 364 1460 curu
383 1399 427 1459 ita
445 1415 479 1458 se
498 1391 651 1477 habeant,
673 1401 719 1453 est
731 1411 807 1454 sane
823 1412 879 1466 cur
893 1397 1033 1486 mireris,
1053 1401 1129 1467 sub.

55 1514 63 1527 *
91 1519 196 1572 ortam
225 1527 305 1587 esse,
338 1516 368 1568 et
395 1501 523 1589 quidem
549 1501 696 1586 proximo
721 1499 787 1583 jam
806 1509 948 1587 ternpore
966 1504 1129 1577 subortam

91 1637 158 1679 esse
184 1614 320 1700 famam,
353 1633 434 1699 quae
455 1605 676 1674 Eberhardum
702 1626 771 1672 non
800 1607 956 1674 Voccionis
983 1617 1129 1707 quidem²
1223 1689 1224 1693 Ἰ

92 1723 147 1788 scd
166 1721 245 1786 adeo
266 1719 342 1783 libri
362 1716 461 1802 ipsius
481 1727 687 1778 auctorem
710 1713 894 1782 venditaret.

173 1829 313 1915 Primus,
343 1823 428 1912 quod
453 1832 589 1908 constat,
617 1818 681 1886 hoc
704 1819 860 1908 professus
879 1830 926 1889 est
943 1824 1129 1900 Jouclrimus

93 1935 327 2022 Camerarius,
342 1931 518 2020 praeclarae
535 1934 729 2015 memoriae,
758 1934 813 2017 qui
833 1934 963 2018 ingenio
980 1938 1128 2031 multum,

88 2066 149 2109 nec
175 2047 280 2107 minus
305 2042 420 2126 judicio
448 2039 591 2126 valebat,
618 2038 677 2105 sed
701 2038 787 2124 quod
810 2043 857 2104 rei
881 2043 988 2106 minus
1013 2066 1131 2132 gnarus

90 2162 185 2238 esset,
204 2152 358 2215 incautius
373 2168 443 2215 eam
459 2148 630 2213 edisseruit.
659 2145 699 2212 In
714 2145 868 2211 Oratione
883 2145 924 2212 de
934 2147 1130 2244 Eberhardo,

91 2281 176 2323 anno
200 2263 276 2322 1537
298 2257 422 2343 publice
441 2254 493 2320 htc
511 2257 631 2341 habita,
654 2262 738 2319 recte
756 2255 810 2320 ille
829 2254 955 2320 tradidit
975 2253 1067 2325 haec:
1085 2300 1128 2316 -

90 2386 231 2453 operam*
247 2363 346 2447 dedit,
377 2375 413 2428 ut
440 2367 606 2451 „veterum
633 2369 777 2456 scripta,
795 2375 863 2434 tarn
889 2386 1130 2461 praeceptorum

88 2498 207 2564 „quam
231 2469 467 2564 exemplorum,
496 2482 590 2560 atque
605 2471 756 2553 (historica
781 2489 992 2564 cognosceret.
1037 2479 1131 2574 Quae

88 2608 185 2674 „cum
205 2583 244 2648 de
262 2583 370 2668 lingua
390 2581 487 2646 latina
505 2579 718 2646 transferenda
738 2598 840 2649 essent
860 2604 957 2671 quam
976 2588 1043 2674 ipse
1062 2611 1129 2656 non

88 2693 297 2781 „intelligeret
303 2732 316 2777 7
334 2690 455 2756 traduci
474 2693 509 2754 in
528 2691 723 2754 teutonicum
741 2712 923 2758 sermonem
944 2700 1130 2782 praecipuos

87 2801 205 2893 „libros
226 2812 391 2863 auctorum
412 2798 572 2861 latinitatis
591 2799 729 2884 curavit,
759 2799 882 2884 illisque
901 2787 1041 2886 legendis
1060 2817 1142 2869 stu-·

88 2911 179 3000 „duit
198 2912 343 2973 animum
360 2903 574 2991 judiciumque
593 2924 686 2968 suum
706 2907 859 2970 instruere
878 2916 910 2970 et
926 2908 1066 2998 erudire,
1085 2933 1128 2977 ne

88 3024 280 3106 „imparatus
301 3035 320 3076 a
338 3012 483 3076 doctrina.
496 3011 537 3075 ad
553 3013 773 3097 capessendam
790 3010 1023 3102 regendamque
1036 3040 1129 3084 rom·
1180 3005 1182 3010 ⁵

87 3125 269 3215 „publicam
283 3120 449 3188 ‘videretur
470 3115 661 3184 accessisset
681 3152 726 3173 ---¹
784 3178 787 3184 .

170 3230 215 3295 At
246 3247 429 3318 progressus
463 3229 684 3316 aliquantisper
712 3223 747 3292 in
777 3228 928 3317 dicendo,
961 3253 1129 3320 perperam

91 3340 170 3406 baec
187 3337 320 3404 addidit:

191 3444 360 3540 „Quantae
380 3459 486 3512 autem
506 3469 598 3513 uuae
616 3447 676 3513 sibi
698 3466 764 3515 esse
784 3469 891 3535 passus
914 3439 1007 3514 fuerit
1024 3451 1131 3515 Rern-

149 3555 310 3643 publicam
343 3565 375 3618 et
404 3561 561 3642 optimum
590 3568 705 3622 statum
734 3561 872 3644 civium,
914 3570 1131 3644 quantumque

151 3687 267 3751 operae
286 3667 494 3730 consumserit
513 3665 551 3729 de
569 3663 618 3730 his
638 3665 811 3753 cogitandi,
836 3663 1019 3752 quaerendi,
1039 3665 1131 3730 lecti-

151 3773 258 3860 tandi,
274 3771 391 3838 indicat
410 3781 441 3833 et
462 3769 588 3833 libellus
607 3771 649 3835 ob
670 3795 707 3834 eo
727 3771 919 3856 compositus
938 3783 968 3834 et
986 3773 1132 3853 przblica·
1177 3834 1180 3841 ,

39 3943 42 3949 ,
149 3889 201 3940 tus
220 3879 260 3940 de
278 3876 558 3941 administratione
576 3899 685 3940 rerum
704 3873 945 3962 publicarum.“

175 3981 301 4075 Quibus
328 3987 364 4052 in
391 3983 481 4050 dictIs
506 3980 562 4047 ille
589 3978 715 4045 libellus
741 3979 781 4047 de
806 3980 1053 4054 administranda
1080 4011 1140 4057 res

593 4114 595 4121 Α
855 4089 892 4156 14
907 4088 925 4125 ἦ
