2776 5124
479 469 602 544 Tutor.
624 493 659 532 rr
680 469 935 536 Cuncurmruus.
1165 482 1224 541 133

172 655 340 720 nunquam
360 632 475 719 pedem
496 637 596 718 porus
616 633 758 712 efferret,
785 656 843 719 per
863 638 1024 722 integrum
1044 641 1227 724 quinquen-

174 748 279 808 nium.
320 743 395 806 Hoc
413 754 561 828 peracto,
586 763 622 803 ea
643 745 781 826 ratione,
802 754 854 825 ut,
876 743 1021 829 Magistri
1039 746 1175 831 gradum
1196 760 1227 813 et

170 856 241 939 jura
267 849 412 937 adeptus,
446 850 514 914 aliis
538 853 691 936 privatim
709 851 928 937 instituendis,
958 854 1026 938 ipse
1046 854 1226 919 studiorum

172 957 327 1024 sumtibus
346 959 553 1043 prospiceret,
580 957 676 1020 nullis
696 979 782 1020 nunc
802 972 971 1042 parentum
990 963 1157 1048 impensis,
1177 977 1224 1050 et,

170 1066 283 1132 habitis
304 1063 525 1152 concionibus,
547 1063 825 1129 aMelanchtbone
843 1065 903 1130 sibi
923 1066 1063 1132 oblatam
1077 1071 1225 1133 ecclesia·-

168 1179 280 1242 sticam
301 1173 518 1239 conditionem
544 1173 687 1239 modeste
706 1189 876 1263 recusaret,
905 1177 1025 1238 diutius
1046 1176 1223 1262 theologiae

172 1305 306 1371 operam
336 1281 479 1368 daturus,
512 1281 606 1346 rediit
629 1285 664 1346 in
692 1286 846 1369 patriam,
878 1304 946 1346 non
972 1297 1009 1347 ut
1033 1285 1224 1352 valediceret

171 1392 369 1477 academiae,
396 1390 452 1454 sed
472 1403 507 1454 ut
526 1390 673 1454 salutaret
691 1410 775 1456 suos.
817 1391 864 1452 At
882 1403 1042 1479 parentes,
1064 1392 1120 1455 ubi
1140 1392 1224 1456 filius

167 1499 256 1564 domi
277 1503 439 1584 specimen
459 1496 671 1562 concionandi
692 1496 857 1584 edidisset,
877 1498 1026 1570 omnibus
1041 1501 1223 1587 probatum,

166 1608 339 1674 noluerunt
364 1631 440 1672 eum
468 1619 610 1693 repetere
635 1598 927 1695 Wittembergam,
959 1607 1015 1672 sed
1040 1623 1223 1694 suaserunt,

166 1714 396 1804 Stuttgardiam
415 1715 503 1780 adire
524 1737 718 1802 operamque
738 1737 829 1780 suam
850 1715 977 1781 offerre.

251 1826 386 1890 Factum
407 1824 469 1888 boc
489 1847 599 1888 mense
619 1824 765 1910 Augusto
786 1827 863 1887 anni
883 1824 1116 1912 quadragesimi
1137 1829 1223 1890 tertii

167 1935 304 2018 (lats),
326 1955 400 1996 cum
416 1937 643 2027 annosviginti
656 1933 734 1998 duos
746 1946 837 1996 natus
850 1946 929 2017 esset
941 1935 1180 1998 Heerbraudus.

250 2041 329 2105 Erat
357 2040 418 2105 hoc
446 2047 594 2128 tempore
620 2064 751 2128 eorum,
781 2042 987 2106 ecclesiastico
1013 2042 1142 2108 muneri
1167 2046 1224 2128 qui

167 2152 233 2236 apti
255 2162 373 2236 essent,
391 2153 427 2213 iu
447 2148 509 2214 hoc
523 2151 647 2213 Ducam
668 2145 843 2235 permagna
863 2155 1008 2235 penuria.
1048 2151 1126 2214 Erat
1141 2171 1221 2217 vero

165 2257 270 2321 adhuc
295 2260 331 2321 in
351 2279 469 2343 magna
489 2258 574 2344 apud
594 2258 743 2321 Ulricum
761 2257 889 2320 Ducem
910 2261 1010 2342 gratia
1030 2271 1062 2322 et
1081 2261 1222 2321 auctori-

163 2379 229 2431 tate
249 2366 339 2454 Mag.
360 2364 522 2430 Erhardus
542 2362 744 2450 Schnepfius,
773 2385 871 2450 penes
901 2387 999 2449 quem
1024 2391 1123 2428 utrum
1145 2378 1222 2428 tunc

165 2496 283 2559 omne,
318 2477 480 2536 ministros
510 2473 657 2538 ecclesiae
683 2471 874 2557 recipiendi,
908 2475 1091 2560 arbitrium,
1126 2486 1222 2559 pote-

164 2595 228 2647 stas
254 2585 371 2644 omnis.
413 2582 511 2646 Hunc
537 2604 612 2645 cum
632 2581 757 2645 adiisset
776 2580 1017 2668 Heerbraudus,
1047 2594 1078 2644 et
1097 2601 1222 2667 propo-

163 2695 230 2757 sitis
252 2691 377 2752 duabus
398 2703 522 2755 tantum
537 2691 770 2778 quaestionibus
788 2689 869 2753 bene
885 2689 1094 2775 satisfecisset,
1114 2692 1220 2752 statim

163 2801 218 2864 ille
238 2801 321 2863 hauc
341 2821 457 2875 ¹vocem
478 2806 596 2866 emisit:
621 2798 786 2862 Dominus
803 2810 834 2861 te
849 2797 928 2860 mitt
946 2794 1083 2858 obtulit!
1107 2795 1222 2887 Voluit
1328 2866 1330 2872 A

163 2913 263 2997 igitur
294 2908 534 2998 Goeppingensi
567 2907 752 2997 parochiae,
793 2927 931 2992 quacum
960 2906 1126 2991 conjrmcta
1153 2922 1221 2972 erat

165 3021 347 3086 vicinarum
372 3018 560 3105 gubernatio
566 3064 577 3102 ,
610 3016 783 3104 praeficere
809 3020 961 3102 juvenem
981 3037 1087 3092 ‘annos
1108 3019 1223 3103 viginti

166 3127 248 3191 duos
263 3140 385 3193 natum.
424 3127 499 3214 Ipse
519 3148 598 3195 vero
611 3127 739 3213 maluit,
759 3125 927 3211 Tubingae
939 3125 1076 3188 Diaconi
1090 3110 1221 3212 munus,

165 3257 206 3298 eo
226 3248 371 3322 tempore
392 3257 547 3324 vacuum,
567 3235 627 3302 sibi
649 3235 781 3323 deferri,
800 3247 836 3297 ut
850 3235 1120 3320 opportunitatem
1137 3256 1219 3298 uan-

164 3346 334 3409 cIsceretur
362 3344 577 3431 prosequendi
606 3344 708 3410 studia
739 3343 927 3432 theologica.
981 3343 1056 3405 Hoc
1087 3364 1221 3406 munere

163 3453 289 3516 functus
317 3467 363 3518 est
383 3455 561 3540 praeclare,
590 3454 673 3518 ultra
695 3456 968 3540 quinquennium,
997 3449 1137 3534 coelebs,
1166 3455 1221 3516 vi-

166 3573 255 3625 ctum
280 3565 407 3647 capiens
426 3565 463 3626 in
483 3561 648 3651 Stipendio
668 3563 788 3647 ducali,
816 3583 874 3625 suo
894 3560 949 3626 sed
969 3559 1125 3624 tolerabili
1144 3583 1221 3646 pre-

165 3676 230 3738 tio:
265 3671 321 3737 ubi
345 3674 488 3758 primam
512 3676 547 3737 in
566 3672 653 3736 Arce
672 3674 861 3734 concionem
880 3667 1037 3733 habuisset
1055 3682 1220 3755 praesente

166 3786 236 3867 ipso
256 3780 370 3847 Ulrico
391 3780 500 3868 Duce,
533 3779 607 3843 huic
625 3784 670 3844 ita
692 3800 758 3844 sese
779 3776 945 3864 probavit,
977 3790 1012 3841 ut
1036 3778 1220 3841 consiliariis

162 3872 229 3953 suis
240 3889 316 3952 Dux
336 3912 414 3955 eum
433 3890 687 3974 commendaret,
705 3908 864 3973 magnum
884 3886 1054 3972 aliquando
1076 3885 1220 3949 {uturum

159 3994 368 4085 'Theologum
388 3999 581 4087 praedicens.
