2776 5124
274 445 316 517 48
553 436 668 502 Part
687 436 1041 504 unsaramma

357 603 541 694 Tubmgam
559 601 724 666 literarum
743 622 835 669 causa
854 606 944 673 veuit
970 604 1068 674 Part.
1088 624 1331 681 marturam

272 737 359 781 anno
378 713 475 780 seculi
502 711 618 775 decimi
637 711 716 774 sexti
735 710 933 793 duodecimo,
961 725 993 776 ct
1019 716 1103 778 inter
1127 717 1332 788 scholasticos

272 829 360 892 cives
378 841 500 888 nomen
518 834 613 883 suum
630 816 789 903 professus
808 829 854 881 est
872 838 901 884 a.
921 818 954 884 d.
984 828 1002 886 7
1023 818 1202 909 Septembr.
1253 833 1331 896 Vc.

271 935 322 995 nit
339 943 447 995 autem
465 946 506 994 ex
524 922 631 991 schola
651 922 924 1013 Heidelbergensi,
942 927 998 992 ubi
1016 933 1066 1014 jus
1085 935 1222 1002 civitatis
1241 937 1333 1002 obti-

270 1050 389 1104 nuerat
406 1055 516 1101 mense
536 1030 679 1101 Octobre
703 1035 803 1117 1509„
824 1047 855 1098 et
876 1055 966 1124 mox,
986 1060 1100 1105 mense
1117 1041 1222 1106 Junio
1245 1052 1326 1110 1511

271 1149 413 1232 primam
432 1165 560 1231 quoque
579 1142 733 1228 lauream,
750 1139 1024 1213 baccalaureatmn
1041 1160 1172 1236 vocant,
1197 1150 1333 1240 adeptus

272 1265 330 1339 est,
348 1263 440 1317 natus
459 1271 562 1317 annos
580 1248 682 1314 terme
707 1249 956 1334 quatuordecim.
1008 1254 1121 1343 Itaque
1142 1276 1163 1321 a
1193 1259 1331 1349 collegio

271 1365 389 1427 artium
416 1355 616 1442 Tabingensi
633 1369 777 1441 receptus
795 1369 842 1422 est
861 1360 896 1423 in
916 1364 1112 1426 consortium
1124 1362 1331 1433 baccalaure-

169 1531 174 1537 ,
272 1492 368 1536 orum
387 1486 520 1533 suorum
546 1461 599 1527 XI
622 1461 810 1529 Decembris
835 1467 996 1558 ejusdem,
1032 1493 1097 1558 quo
1130 1470 1195 1538 huc
1219 1496 1332 1542 acces-

272 1593 370 1667 serat,
411 1577 510 1662 anni,
549 1571 720 1660 locumque
753 1572 889 1640 obtinuit
921 1591 995 1644 ante
1030 1578 1252 1648 baccalaureos
1294 1589 1332 1652 in

271 1687 475 1776 promotione
496 1680 652 1748 Cinctum
670 1681 785 1762 factos;
817 1704 857 1748 eo
885 1687 973 1750 enim
1000 1696 1148 1775 tempore
1169 1698 1332 1778 quaternis

270 1813 472 1882 perannum
494 1788 617 1860 vicibus
635 1787 830 1856 baccalaurei
849 1793 992 1861 solebant
1016 1799 1234 1885 pronuntiari,
1259 1804 1332 1865 sin-

271 1902 353 1990 gulis
372 1913 449 1988 puta
470 1899 617 1984 angariIs,
637 1895 804 1988 Cinctum,
822 1900 1033 1993 Pentecostes,
1062 1903 1185 1995 Crucis,
1207 1905 1331 1974 Lucia.

270 2010 423 2077 Summos
441 2011 477 2073 in
496 2003 699 2095 phIlosophia
716 2005 857 2074 honores
876 2022 908 2074 ct
926 2015 1070 2099 magistri
1094 2015 1223 2078 titulum
1245 2037 1332 2082 con-

270 2129 395 2184 secutus
415 2138 444 2180 a.
466 2113 499 2181 d.
519 2113 622 2178 XXV
640 2112 776 2181 Januar.
794 2137 880 2182 anno
904 2122 1000 2205 1514,
1027 2123 1134 2206 primo
1154 2122 1227 2187 loco
1246 2144 1333 2190 con-

269 2229 394 2292 stitutus
414 2235 490 2290 ante
510 2223 621 2287 decem
640 2222 719 2288 alios
745 2223 886 2311 sodales,
914 2247 1054 2312 quorum
1082 2229 1189 2294 nullus
1217 2246 1331 2318 postea

268 2333 411 2420 aliquam
430 2333 572 2398 nominis
593 2329 807 2396 celebritatem
826 2332 957 2421 adeptus
977 2354 1120 2421 unquam
1131 2351 1187 2405 est.
1229 2340 1331 2406 Post-

269 2463 371 2529 quam
388 2441 516 2505 titulum
527 2438 674 2526 Magistri
691 2437 851 2504 bonarum
869 2444 987 2505 artium
1004 2446 1074 2528 jure
1092 2467 1150 2509 suo
1168 2450 1204 2513 in
1222 2471 1258 2514 se
1273 2471 1332 2515 rc-

271 2554 416 2638 cepisset,
435 2569 501 2635 quo
519 2564 578 2634 per
597 2567 730 2610 omnem
748 2549 851 2614 vitam
870 2550 939 2613 solo
967 2563 998 2615 et
1024 2566 1204 2621 constanter
1229 2579 1327 2626 usum

191 2699 195 2706 -
269 2662 378 2746 ipsum
398 2670 430 2723 et
447 2655 488 2720 ab
514 2656 582 2720 aliis
609 2652 836 2740 compellatum
861 2678 927 2722 esse
957 2672 1095 2750 constat,
1121 2685 1208 2742 mox,
1227 2671 1327 2735 etiam

269 2765 384 2832 iisdem
403 2762 563 2829 tradendis
582 2761 793 2847 docendisque
813 2776 859 2829 est
877 2764 1043 2836 adhibitus
1097 2769 1196 2862 Quod
1216 2786 1327 2843 tamam

270 2894 339 2940 non
358 2894 397 2937 eo
417 2894 512 2939 sensu
533 2870 654 2935 dictum
673 2870 784 2956 velim,
804 2883 840 2934 ut
857 2885 960 2961 putes,
980 2897 1055 2938 eum
1074 2880 1180 2942 statim
1200 2880 1324 2967 publici

268 2981 455 3067 professoris
490 2979 676 3067 dignitatem
709 2978 861 3066 adeptum
888 2994 983 3068 atque
1014 2983 1056 3048 ad
1083 2985 1326 3074 gubernandam

268 3110 342 3154 rem
360 3089 579 3154 scholasticam
598 3091 633 3152 in
649 3097 793 3152 senatum
805 3087 1023 3155 academicum
1035 3108 1198 3182 receptum
1209 3097 1326 3179 suisse3

268 3196 325 3262 sed
351 3201 387 3262 in
412 3195 620 3262 contubernio
627 3243 639 3283 ‚
671 3199 723 3259 cui
740 3194 862 3261 Bursao
885 3220 1022 3287 nomen>
1050 3213 1118 3265 erat
1141 3207 1326 3291 mansitque

269 3303 383 3392 adhuc,
403 3304 525 3370 scholas
544 3304 681 3369 habebat
697 3307 849 3391 privatas,
869 3300 990 3370 latinas
1010 3311 1160 3375 maxime.
1207 3311 1324 3399 Itaque

268 3408 446 3500 Virgilium
464 3418 685 3500 interpretatus
705 3423 763 3499 est,
782 3411 896 3478 deinde
922 3426 954 3477 ct
971 3412 1170 3485 Terentium.
1222 3417 1325 3486 Post-

266 3507 341 3584 hac¹
363 3525 501 3585 oratoria
528 3521 665 3588 lectione
691 3524 752 3609 ipsi
784 3520 987 3610 demandata,
1027 3522 1190 3589 Ciceronis
1222 3548 1325 3613 opera

267 3625 427 3715 quaedam
445 3629 603 3715 juventuti
630 3630 813 3718 proposuit,
844 3626 959 3695 deinde
986 3632 1082 3696 etiam
1109 3631 1198 3702 Livii
1219 3634 1324 3702 libros

266 3754 323 3801 sex
339 3732 486 3803 absolvit.
1295 3796 1305 3805 .

350 3842 488 3934 Verum,
507 3847 575 3934 ipse
593 3842 714 3937 doctor,
732 3866 793 3937 pro
811 3862 904 3917 more
922 3851 1009 3917 istius
1027 3853 1135 3919 aetatis
1151 3869 1324 3942 nunquam

266 3942 419 4017 abstinuit
434 3972 455 4017 a
473 3950 709 4044 frequentandis
735 3955 872 4023 allorum
899 3958 1068 4027 doctorum
1094 3963 1324 4049 praelectioni-

1166 4129 1168 4133 .
1206 4069 1279 4138 bus.
